
@inproceedings{McIlroy::2008,
 author = {McIlroy, Ross and Dickman, Peter and Sventek, Joe},
 title = {{Efficient dynamic heap allocation of scratch-pad memory}},
 booktitle = {{ISMM '08: Proceedings of the 7th international symposium on Memory management}},
 year = {2008},
 isbn = {978-1-60558-134-7},
 pages = {31--40},
 location = {Tucson, AZ, USA},
 doi = {http://doi.acm.org/10.1145/1375634.1375640},
 publisher = {ACM},
 address = {New York, NY, USA},
 }

@inproceedings{Kandemir::2002,
 author = {Kandemir, M. and Choudhary, A.},
 title = {{Compiler-directed scratch pad memory hierarchy design and management}},
 booktitle = {{DAC '02: Proceedings of the 39th annual Design Automation Conference}},
 year = {2002},
 isbn = {1-58113-461-4},
 pages = {628--633},
 location = {New Orleans, Louisiana, USA},
 doi = {http://doi.acm.org/10.1145/513918.514077},
 publisher = {ACM},
 address = {New York, NY, USA},
 }
 
 @article{Avissar::2002,
 author = {Oren Avissar and Rajeev Barua and Dave Stewart},
 title = {{An optimal memory allocation scheme for scratch-pad-based embedded systems}},
 journal = {{ACM Trans. Embed. Comput. Syst.}},
 volume = {1},
 number = {1},
 year = {2002},
 issn = {1539-9087},
 pages = {6--26},
 doi = {http://doi.acm.org/10.1145/581888.581891},
 publisher = {ACM},
 address = {New York, NY, USA},
 }


@article{Wehmeyer::2005,
author = {Lars Wehmeyer and Peter Marwedel},
title = {{Influence of Memory Hierarchies on Predictability for Time Constrained Embedded Software}},
journal ={{Design, Automation and Test in Europe Conference and Exhibition}},
volume = {1},
issn = {1530-1591},
year = {2005},
pages = {600-605},
doi = {http://doi.ieeecomputersociety.org/10.1109/DATE.2005.183},
publisher = {IEEE Computer Society},
address = {Los Alamitos, CA, USA},
}

@inproceedings{Nguyen::2007,
 author = {Nguyen, Nghi and Dominguez, Angel and Barua, Rajeev},
 title = {{Scratch-pad memory allocation without compiler support for java applications}},
 booktitle = {{CASES '07: Proceedings of the 2007 international conference on Compilers, architecture, and synthesis for embedded systems}},
 year = {2007},
 isbn = {978-1-59593-826-8},
 pages = {85--94},
 location = {Salzburg, Austria},
 doi = {http://doi.acm.org/10.1145/1289881.1289899},
 publisher = {ACM},
 address = {New York, NY, USA},
 }

@inproceedings{Angiolini::2004,
 author = {Federico Angiolini and Francesco Menichelli and Alberto Ferrero and Luca Benini and Mauro Olivieri},
 title = {{A post-compiler approach to scratchpad mapping of code}},
 booktitle = {{CASES '04: Proceedings of the 2004 international conference on Compilers, architecture, and synthesis for embedded systems}},
 year = {2004},
 isbn = {1-58113-890-3},
 pages = {259--267},
 location = {Washington DC, USA},
 doi = {http://doi.acm.org/10.1145/1023833.1023869},
 publisher = {ACM},
 address = {New York, NY, USA},
 }

@inproceedings{Hiser::2004,
 author = {Hiser, Jason D. and Davidson, Jack W.},
 title = {{EMBARC: an efficient memory bank assignment algorithm for retargetable compilers}},
 booktitle = {{LCTES '04: Proceedings of the 2004 ACM SIGPLAN/SIGBED conference on Languages, compilers, and tools for embedded systems}},
 year = {2004},
 isbn = {1-58113-806-7},
 pages = {182--191},
 location = {Washington, DC, USA},
 doi = {http://doi.acm.org/10.1145/997163.997190},
 publisher = {ACM},
 address = {New York, NY, USA},
 }

@article{Huneycutt::2002,
author = {Chad M. Huneycutt and Joshua B. Fryman and Kenneth M. Mackenzie},
title = {{Software Caching using Dynamic Binary Rewriting for Embedded Devices}},
journal ={{International Conference on Parallel Processing}},
volume = {0},
issn = {0190-3918},
year = {2002},
pages = {621},
doi = {http://doi.ieeecomputersociety.org/10.1109/ICPP.2002.1040920},
publisher = {IEEE Computer Society},
address = {Los Alamitos, CA, USA},
}

@article{Udayakumaran::2006,
 author = {Udayakumaran, Sumesh and Dominguez, Angel and Barua, Rajeev},
 title = {{Dynamic allocation for scratch-pad memory using compile-time decisions}},
 journal = {{ACM Trans. Embed. Comput. Syst.}},
 volume = {5},
 number = {2},
 year = {2006},
 issn = {1539-9087},
 pages = {472--511},
 doi = {http://doi.acm.org/10.1145/1151074.1151085},
 publisher = {ACM},
 address = {New York, NY, USA},
 }
 
 @article{Milidonis::2009,
 author = {Milidonis, A. and Porpodas, V. and Alachiotis, N. and Kakarountas, A.P. and Michail, H. and Panagiotakopoulos, G. and Goutis, C.E.},
 title = {{Low-power architecture with scratch-pad memory for accelerating embedded applications with run-time reuse}},
 journal = {{IET Computers \& Digital Techniques}},
 volume = {3},
 number = {1},
 year = {2009},
 pages = {109--123},
 publisher = {IET},
 }
 
 @article{Dominguez::2005,
 author = {Angel Dominguez, Sumesh Udayakumaran and Rajeev Barua},
 title = {{Heap Data Allocation to Scratch-Pad Memory in Embedded Systems }},
 journal = {{J. Embedded Comput.}}, 
 volume = {1},
 number = {4},
 year = {2005},
 pages = {521--540},
 }
 
 @article{Verma::2006,
 author = {Manish Verma and Peter Marwedel},
 title = {{Overlay techniques for scratchpad memories in low power embedded processors}},
 journal = {{IEEE Transactions on Very Large Scale Integration (VLSI) Systems}},
 volume = {14},
 number = {8},
 year = {2006},
 issn = {1063-8210},
 pages = {802--815},
 doi = {http://dx.doi.org/10.1109/TVLSI.2006.878469},
 publisher = {IEEE},
 }
 
@book{Stroustrup::1995,
 author = {Bjarne Stroustrup},
 title = {The design and evolution of C++},
 year = {1994},
 isbn = {0-201-54330-3},
 publisher = {ACM Press/Addison-Wesley Publishing Co.},
 address = {New York, NY, USA},
} 

 
@ARTICLE{Cho::2009,
author={Doosan Cho and Pasricha, S. and Issenin, I. and Dutt, N.D. and Minwook Ahn and Yunheung Paek},
journal={{IEEE Transactions on Computer-Aided Design of Integrated Circuits and Systems}}, 
title={{Adaptive Scratch Pad Memory Management for Dynamic Behavior of Multimedia Applications}},
year={2009},
month={april },
volume={28},
number={4},
pages={554 -567},
doi={http://dx.doi.org/10.1109/TCAD.2009.2014002},
ISSN={0278-0070},
}

@ARTICLE{Shrivastava::2009,
author={Shrivastava, A. and Kannan, A. and Jongeun Lee},
journal={{IEEE Transactions on Computer-Aided Design of Integrated Circuits and Systems}}, 
title={{A Software-Only Solution to Use Scratch Pads for Stack Data}},
year={2009},
month={nov. },
volume={28},
number={11},
pages={1719 -1727},
doi={http://dx.doi.org/10.1109/TCAD.2009.2030592},
ISSN={0278-0070},
}

@INPROCEEDINGS{Ozturk::2007,
author={Ozturk, O. and Chen, G. and Kandemir, M. and Karakoy, M.},
booktitle={{CGO '07. International Symposium on Code Generation and Optimization, 2007}}, 
title={{Compiler-Directed Variable Latency Aware SPM Management to CopeWith Timing Problems}},
year={2007},
month={11-14},
volume={},
number={},
pages={232 -243},
doi={http://dx.doi.org/10.1109/CGO.2007.6},
ISSN={},}

@book{Czarnecki::2000,
 author = {Krzysztof Czarnecki and Ulrich W. Eisenecker},
 title = {{Generative programming: methods, tools, and applications}},
 year = {2000},
 isbn = {0-201-30977-7},
 publisher = {ACM Press/Addison-Wesley Publishing Co.},
 address = {New York, NY, USA},
} 

@InProceedings{Kiczales::1997,
author = {Gregor Kiczales and John Lamping and Anurag Mendhekar and Chris Maeda and Cristina Videira Lopes and  Jean-Marc Loingtier and John Irwin},
title = {{Aspect-Oriented Programming}},
booktitle = {Proceedings of the European Conference on Object-oriented Programming'97},
pages = {220-242},
year = {1997},
month = {June},
address = {Jyväskylä, Finland},
}

@book{Frohlich::2001,
    author = {Antônio Augusto Fröhlich},
    title = {{Application-Oriented Operating Systems}},
    publisher = {GMD - Forschungszentrum Informationstechnik},
    pages = 2001,
    number = 17,
    series = {GMD Research Series},
    address = {Sankt Augustin},
    month = AUG
}

@misc{CACTI::2011:Online,
  title = {CACTI},
  month = {April},
  year = {2011},
  note = {http://www.hpl.hp.com/research/cacti/}
}

@misc{MiBench::2011:Online,
  title = {MiBench Suite},
  month = {April},
  year = {2011},
  note = {http://www.eecs.umich.edu/mibench/}
}

@misc{OpenCores::2011:Online,
  title = {OpenCores},
  month = {April},
  year = {2011},
  note = {http://opencores.org/}
}

@misc{EPOS::2011:Online,
  title = {{Embedded Parallel Operating System}},
  month = May,
  year = {2011},
  note = {http://epos.lisha.ufsc.br/}
}

