% Guto's Publications (1998 - 2000)

@InProceedings{Froehlich:asplos:2000,
  author =	 "Antônio Augusto Fröhlich and Wolfgang
                  Schröder-Preikschat",
  title =	 "{Operating Systems: are we finally ready to move
                  forward after 30 years of stagnation?}",
  booktitle =	 "Proceedings of the 9th International Conference on
                  Architectural Support for Programming Languages and
                  Operating Systems Wild and Crazy Ideas Session",
  address =	 "Cambridge, U.S.A.",
  month =	 nov,
  year =	 2000
}

@InProceedings{Froehlich:gbwit:2000,
  author =	 "Antônio Augusto Fröhlich and Philippe Olivier
                  Alexander Navaux and Sérgio Takeo Kofuji and Wolfgang
                  Schröder-Preikschat",
  title =	 "SNOW: a Parallel Programming Environment for Clusters
                  of Workstations",
  booktitle =	 "Proceedings of the 7th German-Brazilian Workshop on
                  Information Technology",
  year =	 2000,
  address =	 "Maria Farinha, Brazil",
  month =	 sep
}

@InProceedings{Froehlich:sci:2000,
  author = 	 "Antônio Augusto Fröhlich and Wolfgang Schröder-Preikschat",
  title = 	 "{Scenario Adapters: Efficiently Adapting Components}",
  booktitle = 	 "Proceedings of the 4th World Multiconference on Systemics,
                  Cybernetics and Informatics",
  pages = 	 "",
  address = 	 "Orlando, U.S.A.",
  month = 	 jul,
  year = 	 2000
}

@InProceedings{Froehlich:hpcn:2000,
  author = 	 "Antônio Augusto Fröhlich and Gilles P. Tientcheu and 
                  Wolfgang Schröder-Preikschat",
  title = 	 "{EPOS and Myrinet: Effective Communication Support for 
                  Parallel Applications Running on Clusters of Commodity
                  Workstations}",
  booktitle = 	 "Proceedings of 8th International Conference on High
                  Performance Computing and Networking",
  pages = 	 "417-426",
  address = 	 "Amsterdam, The Netherlands",
  month = 	 may,
  year = 	 2000
}

@InProceedings{Froehlich:sbac:1999,
  author =	 "Antônio Augusto Fröhlich and Wolfgang Schröder-Preikschat",
  title =	 "{High Performance Application-oriented Operating Systems
                  -- the EPOS Aproach}",
  booktitle =	 "Proceedings of the 11th Symposium on Computer
                  Architecture and High Performance Computing",
  pages =	 "3--9",
  address =	 "Natal, Brazil",
  month =	 sep,
  year =	 1999
}

@InProceedings{Froehlich:ooosw:1999,
  author =	 "Antônio Augusto Fröhlich and Wolfgang Schröder-Preikschat",
  title =	 "{EPOS: an Object-Oriented Operating System}",
  booktitle =	 "Proceedings of the 2nd ECOOP Workshop on
                  Object-Orientation and Operating Systems",
  pages =	 "38--43",
  address =	 "Lisbon, Portugal",
  month =	 jun,
  year =	 1999
}

@InProceedings{Froehlich:dagstuhl:1999,
  author =	 "Antônio Augusto Fröhlich and Wolfgang Schröder-Preikschat",
  title =	 "{EPOS: Paving the Path for Parallel Applications}",
  booktitle =	 "Report of the Dagstuhl Seminar 238 - High Level
                  Parallel Programming: Applicability",
  pages =	 "18",
  address =	 "Dagstuhl Castle, Germany",
  month =	 apr,
  year =	 1999
}

@InProceedings{Froehlich:ehpc:1999,
  author =	 "Antônio Augusto Fröhlich and Wolfgang Schröder-Preikschat",
  title =	 "{Tailor-made Operating Systems for Embedded Parallel
                  Applications}",
  booktitle =	 "Proceedings of the 4th IPPS/SPDP Workshop on Embedded
                  HPC Systems and Apllications",
  pages =	 "1361-1373",
  address =	 "San Juan, Puerto Rico",
  month =	 apr,
  year =	 1999
}

@InProceedings{Froehlich:euromicro:1998,
  author =	 "Antônio Augusto Fröhlich and Wolfgang Schröder-Preikschat",
  title =	 "{SMP PCs: A Case Study on Cluster Computing}",
  booktitle =	 "Proceedings of the 24th Euromicro Conference -
                  Workshop on Network Computing",
  pages =	 "953--960",
  address =	 "Västeras, Sweden",
  month =	 aug,
  year =	 1998,
  isbn =	 "0-8186-8646-4"
}

@InProceedings{Froehlich:intersymp:1996,
  author =	 "Antônio Augusto Fröhlich and Rafael B. Avila and Luciano Piccoli
                  and Helder Savietto",
  title =	 "{A Concurrent Programming Environment for the i486}",
  booktitle =	 "Proceedings of the 5th International Conference on
                  Information Systems Analysis and Synthesis",
  address =	 "Orlando, USA",
  month =	 jul,
  year =	 1996
}

