@inproceedings{Prylli:1998,
   author = {L. Prylli and B. Tourancheau},
   title = {{BIP: a New Protocol Designed for High Performance Networking on Myrinet}},
   booktitle = {Proc. PC-NOW'98},
   month = {April},
   year = 1998
}

@book{Preikschat:1994,
   author = {W. Schr\"oder-Preikschat},
   title = {{The Logical Design of Parallel Operating Systems}},
   publisher = {Prentice-Hall},
   year = 1994,
}

@inproceedings{Froehlich:sbac:1999, 
  author = {A. Fr\"ohlich and Schr\"oder-Preikschat},
  title = {{High Performance Application-Oriented Operating Systems -- the EPOS Aproach}},
  booktitle = {Proc. 11th SBAC-PAD},
  month = {September},
  year = 1999,
}

@inproceedings{Froehlich:euromicro:1998,
  author = {A. Fr\"ohlich and Schr\"oder-Preikschat},
  title = {{SMP PCs: A Case Study on Cluster Computing}},
  booktitle = {Proc. First Euromicro Workshop on Network Computing},
  month = {August},
  year = 1998
}

@inproceedings{Kiczales:ecoop:1997, 
  author = {G. Kiczales et al.},
  title = {{Aspect-Oriented Programming}},
  booktitle = {Proc. ECOOP'97},
  address = {Springer-Verlag},
  year = 1997
}

@inproceedings{Wang:sigmetrics:1998,
   author = {R. Wang et al.},
   title = {{Modeling Communication Pipeline Latency}},
   booktitle = {Proc. SIGMETRICS'98},
   month = {June},
   year = 1998
}

@book{Jain:1991,
  author = {R. Jain},
  title = {{The Art of Computer Performance Analysis}},
  publisher = {John Willey \& Sons},
  year = 1991
} 

@book{Rumeur:1994,
   author = {J. de Rumeur},
   title = {{Communications dans les Réseaux de Processeurs}},
   publisher = {Masson},
   year = 1994
}
