@InProceedings{cooklev07,
author = {Todor Cooklev and Mark Cummings},
title = {{Software-Defined Radio Technology}},
booktitle = {25th International Conference on Computer Design},
pages = {103 - 104},
year = {2007},
}

@InProceedings{milhaem06,
author = {Michael D. Millhaem},
title = {SDR Advantages for Test Equipment},
booktitle = {{IEE Systems Readiness Technology Conference}},
pages = {565 - 569},
year = {2006},
}

@InProceedings{delormel08,
author = {Julien Delorme1 and Jérôme Martin and Amor Nafkha1 and Christophe Moy and Fabien Clermidy and Pierre Leray and Jacques Palicot},
title = {{A FPGA partial reconfiguration design approach for cognitive radio based on NoC architecture}},
booktitle = {2008 Joint 6th Circuits and Systems Conference},
pages = {355 - 358},
year = {2008},
}

@InProceedings{pande03,
 author = {Partha Pratim Pande and Cristian Grecu and Andri Ivanov and Res Saleh},
 title = {{Design of a switch for network on chip applications}},
 booktitle = {ISCAS '03},
 pages = {V217-V220},
 year = {203},
 volume = {5},
}


@InProceedings{nychis09,
author = {George Nychis and Thibaud Hottelier and Zhuocheng Yang and Srinivasan Seshan and Peter Steenkiste},
title = {{Enabling MAC Protocols Implementation on Software-defined Radios}},
booktitle = {NSDI '09},
year = {2009},
}

@InProceedings{davis99,
author = {Davis, K. V.},
title = {{JTRS-an open, distributed-object computing software radio architecture}},
booktitle = {18th Digital Avionics Systems Conference},
year = {1999},
volume = {Volume: 2}
pages = {9.A.6-1 - 9.A.6-8}
}

@InProceedings{schimid06,
author = {Thomas Schmid and Tad Dreier and Mani B. Srivastava},
title = {{Software Radio Implementation of Shortrange Wireless Standards for Sensor Networking}},
booktitle = {Conference On Embedded Networked Sensor Systems},
year = {2006},
}

@Article{mitola95,
author = {Joe Mitola},
title = {{The Software Radio Architecture}},
journal = {IEEE Communications Magazine},
year = {1995},
volume = {33},
number = {5},
month = {May},
}


@Article{lee87_1,
author = {Edward Ashford Lee and David G. Messerschmitt},
title = {{Synchronous data flow}},
journal = {Proceedings of the IEEE},
year = {1987},
volume = {75},
pages = {1235- 1245},
issn = {0018-9219},
}

@Article{lee87_2,
author = {Edward Ashford Lee and David G. Messerschmitt},
title = {{Static Scheduling of Synchronous Data Flow Programs for Digital Signal Processing}},
journal = {IEEE Transactions on Computers},
year = {1987},
volume = {C-36},
pages = {24-35},
doi = {10.1109/TC.1987.5009446},
}


@Article{gschwind06,
author = {Gschwind, M. and Hofstee, H.P. and Flachs, B. and Hopkin, M. and Watanabe, Y. and Yamazaki, T.},
title = {{Synergistic Processing in Cell's Multicore Architecture}},
journal = {IEEE Micro},
year = {2006},
volume = {26},
pages = {10-24},
month = {March},
doi = {10.1109/MM.2006.41},
issn = {0272-1732},
}


@Article{benson04,
author = {Dick Benson and Narinder Lall},
title = {{System-Level Design Using FPGAs and DSPs. An Example Showing Software-Defined Radio}},
journal = {The magazine of record for the embedded computing industry},
year = {2004},
pages = {51-54},
month = {January},
}

@conference{ferrari99,
title={{System design: Traditional concepts and new paradigms}},
author={Ferrari, A. and Sangiovanni-Vincentelli, A.},
booktitle={Computer Design, 1999.(ICCD'99) International Conference on},
pages={2--12},
year={1999}
}

@TechReport{chapman08,
 author = {Ken Chapman},
 title = {{Saving Costs with the SRL16E}},
 institution = {Xilinx},
 year = {2008},
 month = {May},
}


@book{czarnecki00,
author = {Krysztof Czarnecki and Ulrich Eisenecker},
title = {{Generative Programming: Methods, Tools, and Applications}},
publisher = {Addison-Wesley},
year = {2000}
}

@book{marwedel03,
author = {Peter Marwedel},
isbn = {1-4020-7690-9},
publisher = {Kluwer Academic Publishers},
title = {{Embedded System Design}},
year = {2003},
}

@book{li03,
author = {Qing Li and Caroline Yao},
publisher = {CMP-Books},
title = {{Real-Time Concepts for Embbeded Systems}},
year = {2003},
edition = {2 edition},
address = {Oxford},
}

@book{wolf01,
author = {Waine Wolf},
publisher = {Morgan Kaufmann Publishers},
title = {{Computers as Components -- Principles of Embedded Computing System Design}},
year = {2001},
edition = {1 edition},
address = {San Francisco},
}

@book{carro03,
author = {Luigi Carro and Flávio Rech Wagner},
publisher = {{SBC}},
title = {{Sistemas Computacionais Embarcados}},
series = {{JAI '03 -- XXII Jornadas de Atualização em Informática}},
year = {2003},
month = {Agosto},
address = {Campinas},
}

@book{schwartz70,
author = {Mischa Schwartz},
publisher = {{McGraw-Hill}},
title = {{Information, Transmission, Modulation and Noise: A Unified Approach to Communication Systems}},
edition = {2 edition},
year = {1970},
}

@book{gamma94,
author = {Erich Gamma and Richard Helm and Ralph Johnson and John M. Vlissides},
title = {{Design patterns : elements of reusable object-oriented software}},
publisher = {Addison-Wesley},
address = {Reading, Mass. [u.a.]},
year = {1994},
isbn = {0-201-63361-2},
}

@article{haykin05,
  title={{Cognitive radio: brain-empowered wireless communications}},
  author={Simon Haykin},
  journal={IEEE Journal on Selected Areas in Communications},
  volume={23},
  number={2},
  pages={201--220},
  year={2005}
}

@article{mitolaANDmaguire99,
  title={{Cognitive radio: making software radios more personal}},
  author={Joe Mitola and Maguire Jr, GQ},
  journal={IEEE Personal Communications},
  volume={6},
  number={4},
  pages={13--18},
  year={1999}
}

@article{mitola99,
  title={{Software radio architecture: a mathematical perspective}},
  author={Joe Mitola},
  journal={IEEE Journal on Selected Areas in Communications},
  volume={17},
  number={4},
  pages={514--538},
  year={1999}
}

@MastersThesis{manika07,
author = {Naveen Manicka},
title = {{GNU Radio Testbed}},
school = {University of Delaware},
year = {2007},
}

@book{tuttlebee02,
  title={{Software Defined Radio: Enabling Technologies}},
  author={Walter Tuttlebee},
  year={2002},
  publisher={Wiley}
}

@article{saniie83,
  title={{Digital phase detection based on in-phase and quadrature sampling}},
  author={Saniie, J. and Luukkala, M.},
  journal={{Journal of Physics E: Scientific Instruments}},
  volume={16},
  pages={606--607},
  year={1983}
}

 @BOOK{frohlich01,
 AUTHOR = {Ant{\^{o}}nio Augusto Fr{\"{o}}hlich},
 TITLE = {Application-Oriented Operating Systems},
 PUBLISHER = {GMD - Forschungszentrum Informationstechnik},
 YEAR = 2001,
 NUMBER = 17,
 SERIES = {GMD Research Series},
 ADDRESS = {Sankt Augustin},
 MONTH = AUG
}

@InProceedings{marcondes08,
author = {Hugo Marcondes and Antônio Augusto Fröhlich},
title = {{On Hybrid Hw/Sw Components for Embedded System Design}},
booktitle = {Proceedings of the 17th IFAC World Congress},
pages = {9290-9295},
year = {2008},
address = {Seoul, Korea},
}


@MastersThesis{marcondes09,
author = {Hugo Marcondes},
title = {{Uma Arquitetura de Componentes Híbridos de Hardware e Software para Sistemas Embarcados}},
school = {Universidade Federal de Santa Catarina},
year = {2009},
address = {Florianópolis},
}

@InProceedings{marcondes09_2,
author = {Hugo Marcondes and Antônio Augusto Fröhlich},
title = {{A Hybrid Hardware and Software Component Architecture for Embedded System Design}},
booktitle = {IESS '09},
pages = {259-270},
year = {2009},
address = {Langenargen, Germany},
}

@InProceedings{kumar02,
author = {Shashi Kumar and Axel Jantsch and Juha-Pekka Soininen and Martti Forsell and Mikael Millberg and Johny Öberg and Kari Tiensyrjä and Ahmed Hemani},
title = {{A Network on Chip Architecture and Design Methodology}},
booktitle = {Proceedings of the IEEE Computer Society Annual Symposium on VLSI (ISVLSI '02)},
pages = {105-112},
year = {2002},
}

@InProceedings{kiczales97,
author = {Gregor Kiczales and John Lamping and Anurag Mendhekar and Chris Maeda and Cristina Videira Lopes and  Jean-Marc Loingtier and John Irwin},
title = {{Aspect-Oriented Programming}},
booktitle = {Proceedings of the European Conference on Object-oriented Programming'97},
pages = {220-242},
year = {1997},
month = {June},
address = {Jyväskylä, Finland},
}

@inproceedings{pop05,
author = {{Paul Pop}},
booktitle = {CPAIOR},
ee = {http://dx.doi.org/10.1007/11493853_2},
pages = {16-16},
title = {{Embedded Systems Design: Optimization Challenges}},
year = {2005},
}

@inproceedings{vincentelli04,
address = {New York, NY, USA},
author = {Alberto Sangiovanni-Vincentelli and Luca Carloni and Fernando De Bernardinis and Marco Sgroi},
booktitle = {{DAC '04: Proceedings of the 41st annual conference on Design automation}},
doi = {http://doi.acm.org/10.1145/996566.996684},
isbn = {1-58113-828-8},
location = {San Diego, CA, USA},
pages = {409--414},
publisher = {ACM},
rating = {4},
title = {{Benefits and challenges for platform-based design}},
year = {2004}
}

@article{vincentelli01,
author = {Alberto L. Sangiovanni-Vincentelli and Grant Martin},
bibsource = {DBLP, http://dblp.uni-trier.de},
ee = {http://doi.ieeecomputersociety.org/10.1109/54.970421},
journal = {IEEE Design {\&} Test of Computers},
number = {6},
pages = {23-33},
title = {{Platform-Based Design and Software Design Methodology for Embedded Systems}},
volume = {18},
year = {2001}
}

@article{youngblood2002,
title={{A Software Defined Radio for the Masses, Part 1}},
author={Gerald Youngblood},
journal={QEX Communications Quarterly, ARRL: Connecticut},
year={2002}
}

@mastersthesis{polpeta06,
address = {Florianópolis},
author = {Fauze Valério Polpeta},
school = {Universidade Federal de Santa Catarina},
title = {{Uma Estratégia para a Geração de Sistemas Embutidos baseada na Metodologia Projeto de Sistemas Orientados à Aplicação}},
year = {2006}
}

@inproceedings{polpeta05,
author = {Fauze Valério Polpeta and Antônio Augusto Fröhlich},
booktitle = {{10th IEEE International Conference on Emerging Technologies and Factory Automation}},
title = {{On the Automatic Generation of SoC-based Embedded Systems}},
year = {2005}
}


@inproceedings{bergamaschi02,
address = {New York, NY, USA},
author = {Reinaldo A. Bergamaschi and John Cohn},
booktitle = {{ICCAD '02: Proceedings of the 2002 IEEE/ACM international conference on Computer-aided design}},
doi = {http://doi.acm.org/10.1145/774572.774689},
isbn = {0-7803-7607-2},
location = {San Jose, California},
pages = {790--798},
publisher = {ACM},
title = {{The A to Z of SoCs}},
year = {2002}
}

@inproceedings{lin06,
author = {Yuan Lin and Hyunseok Lee and Mark Woh and Yoav Harel and Scott Mahlke and Trevor Mudge and Chaitali Chakrabarti and Krisztian Flautner},
booktitle = {{ISCA '06: 33rd International Symposium on Computer Architecture}},
isbn = {0-7695-2608-X},
pages = {89--101},
title = {{SODA: A Low-power Architecture For Software Radio}},
year = {2006}
}

@inproceedings{glossner04,
author = {J. Glossner and E. Hokenek, and M. Moudgill},
booktitle = {{3rd WASP}},
pages = {53--58},
title = {{The Sandbridge Sandblaster Communications Processor}},
year = {2004}
}

@article{berkel05,
author = {Kees van Berkel and Frank Heinle and Patrick P. E. Meuwissen and Kees Moerman and Matthias Weiss},
title = {{Vector processing as an enabler for software-defined radio in handheld devices}},
journal = {EURASIP},
volume = {2005},
year = {2005},
issn = {1110-8657},
pages = {2613--2625},
doi = {http://dx.doi.org/10.1155/ASP.2005.2613},
publisher = {Hindawi Publishing Corp.},
address = {New York, NY, United States},
}

@inproceedings{tennenhouse95,
author = {David L. Tennenhouse and Vanu G. Bose},
booktitle = {{ACM Mobile Computing and Networking 95}},
title = {{SpectrumWare -- A Software-Oriented Approach to Wireless Signal Processing}},
year = {1995}
address = {Berkeley, CA, United States},
}

@inproceedings{chapin02,
author = {John M. Chapin and Vanu G. Bose},
booktitle = {{SDR '02: 2002 Software Defined Radio Technical Conference}},
title = {{The vanu software radio system}},
year = {2002}
}

@inproceedings{kelem07,
author = {Steven Kelem and Brian Box and Stephen Wasson and Robert Plunkett and Joseph Hassoun and Chris Phillips},
booktitle = {{SDR '07}},
title = {{An Elemental Computing Architecture for SD Radio}},
year = {2007}
}

@inproceedings{hasan06,
author = {S. M. Hasan and P. Balister and K. Lee and J. H. Reed and S. W. Ellingson},
booktitle = {{SDR '06: 2006 Software Defined Radio Technical Conference}},
title = {{A Low Cost Multi--band/Multi-mode Radio for Public Safety}},
year = {2006}
}

@article{sulaiman09,
 author = {Nasri Sulaiman and Zeyad A. Obaid and M. H. Marhaban and M. N. Hamidon},
 title = {{Design and Implementation of FPGA-Based Systems - A Review}},
 journal = {{Australian Journal of Basic and Applied Sciences}},
 year = {2009},
 volume = {3},
 number = {4},
 pages = {3575-3596},
 issn = {1991-8178},
}

@inproceedings{bower07,
 author = {Jacob A. Bower and Wei Ning Cho and Wayne Luk},
 title = {{Unifying FPGA Hardware Development}},
 booktitle = {{ICFPT 2007. International Conference on Field-Programmable Technology, 2007}},
 pages = {113-120},
 year = {2007},
}

@article{quadri09,
 author = {Imran Rafiq Quadri and Samy Meftali and Jean-Luc Dekeyser},
 title = {{High level modeling of dynamic reconfigurable FPGAs}},
 journal = {{International Journal of Reconfigurable Computing}},
 volume = {2009},
 year = {2009},
 issn = {1687-7195},
 pages = {1--15},
 doi = {http://dx.doi.org/10.1155/2009/408605},
 publisher = {Hindawi Publishing Corp.},
 address = {New York, NY, United States},
 }

@inproceedings{lin07,
 author = {Yuan Lin and Manjunath Kudlur and Scott Mahlke and Trevor Mudge},
 title = {{Hierarchical coarse-grained stream compilation for software defined radio}},
 booktitle = {CASES '07},
 year = {2007},
 pages = {115--124},
 location = {{Salzburg, Austria}},
 publisher = {ACM},
 address = {{New York, NY, USA}},
}

@inproceedings{choi09,
 author = {Yoonseo Choi and Yuan Lin and Nathan Chong and Scott Mahlke and Trevor Mudge},
 title = {{Stream Compilation for Real-Time Embedded Multicore Systems}},
 booktitle = {{CGO '09: Proceedings of the 7th annual IEEE/ACM International Symposium on Code Generation and Optimization}},
 year = {2009},
 isbn = {978-0-7695-3576-0},
 pages = {210--220},
 doi = {http://dx.doi.org/10.1109/CGO.2009.27},
 publisher = {{IEEE Computer Society}},
 address = {{Washington, DC, USA}},
 }

@inproceedings{ng07,
 author = {Ng, A. C. H. and Weijers, J. W. and Glassee, M. and Schuster, T. and Bougard, B. and Van der Perre, L.},
 title = {{ESL design and HW/SW co-verification of high-end software defined radio platforms}},
 booktitle = {{CODES+ISSS '07: Proceedings of the 5th IEEE/ACM international conference on Hardware/software codesign and system synthesis}},
 year = {2007},
 isbn = {978-1-59593-824-4},
 pages = {191--196},
 location = {{Salzburg, Austria}},
 doi = {http://doi.acm.org/10.1145/1289816.1289864},
 publisher = {ACM},
 address = {{New York, NY, USA}},
 }
 
 @inproceedings{choi03,
 author = {Seonil Choi and Ronald Scrofano and Viktor K. Prasanna and Ju-Wook Jang},
 title = {{Energy-efficient signal processing using FPGAs}},
 booktitle = {{FPGA '03: Proceedings of the 2003 ACM/SIGDA eleventh international symposium on Field programmable gate arrays}},
 year = {2003},
 isbn = {1-58113-651-X},
 pages = {225--234},
 location = {{Monterey, California, USA}},
 doi = {http://doi.acm.org/10.1145/611817.611850},
 publisher = {ACM},
 address = {{New York, NY, USA}},
 }
 
 @inproceedings{woh08,
 author = {Mark Woh and Yuan Lin and Sangwon Seo and Scott Mahlke and Trevor Mudge and Chaitali Chakrabarti and Richard Bruce and Danny Kershaw and Alastair Reid and Mladen Wilder and Krisztian Flautner},
 title = {{From SODA to scotch: The evolution of a wireless baseband processor}},
 booktitle = {{MICRO 41}},
 year = {2008},
 isbn = {978-1-4244-2836-6},
 pages = {152--163},
 doi = {http://dx.doi.org/10.1109/MICRO.2008.4771787},
 publisher = {{IEEE Computer Society}},
 address = {{Washington, DC, USA}},
 }
 
 @article{palkovic10,
 author = {Martin Palkovic and Praveen Raghavan and Min Li and Antoine Dejonghe and Liesbet Van der Perre and Francky Catthoor},
 title = {{Future Software-Defined Radio Platforms and Mapping Flows}},
 journal = {{IEEE Signal Processing Magazine}},
 year = {2010},
 volume = {27},
 number = {2},
 pages = {22--33},
 doi = {http://dx.doi.org/10.1109/MSP.2009.935386}
 }
 
  @article{buracchini00,
 author = {Enrico Buracchini},
 title = {{The software radio concept}},
 journal = {{IEEE Comm. Mag.}},
 year = {2000},
 volume = {38},
 number = {9},
 pages = {138--143},
 doi = {http://dx.doi.org/10.1109/35.868153}
 }
 
@inproceedings{leupers00,
 author = {Rainer Leupers},
 title = {{Code generation for embedded processors}},
 booktitle = {{ISSS '00: Proceedings of the 13th international symposium on System synthesis}},
 year = {2000},
 isbn = {1080-1082},
 pages = {173--178},
 location = {{Madrid, Spain}},
 doi = {http://doi.acm.org/10.1145/501790.501827},
 publisher = {{IEEE Computer Society}},
 address = {{Washington, DC, USA}},
 }

@article{guo08,
 author = {Zhi Guo and Walid Najjar and Betul Buyukkurt},
 title = {{Efficient hardware code generation for FPGAs}},
 journal = {{ACM TACO}},
 volume = {5},
 number = {1},
 year = {2008},
 issn = {1544-3566},
 pages = {1--26},
 doi = {http://doi.acm.org/10.1145/1369396.1369402},
 publisher = {ACM},
 address = {{New York, NY, USA}},
 }
 
 @inproceedings{arato03,
 author = {Péter Arató and Tibor Kandár},
 title = {{Systematic VHDL code generation using pipeline operations produced by high level synthesis}},
 booktitle = {{2003 IEEE International Symposium on Intelligent Signal Processing}},
 year = {2003},
 isbn = {0-7803-7864-4},
 pages = {191--196},
 doi = {http://dx.doi.org/10.1109/ISP.2003.1275837},
 }
 
 @inproceedings{plavec08,
 author = {Franjo Plavec and Zvonko Vranesic and Stephen Brown},
 title = {{Towards compilation of streaming programs into FPGA hardware}},
 booktitle = {{FDL '08}},
 year = {2008},
 isbn = {978-1-4244-2264-7},
 pages = {67--72},
 doi = {http://dx.doi.org/10.1109/FDL.2008.4641423},
 }

@inproceedings{isomaki05,
author={Isomaki, P. and Avessta, N.},
booktitle={{Proceedings. 2005 International Symposium on System-on-Chip}}, 
title={{Rapid Refinable SoC SDR Design}},
year={2005},
month={17-17},
pages={120--123},
doi={10.1109/ISSOC.2005.1595659},
}

@inproceedings{gomez05,
author={Gomez, D.S. and Gonzalez Villarruel, J.E.},
booktitle={{CONIELECOMP 2005: Proceedings of the 15th International Conference on Electronics, Communications and Computers}},
title={{Analysis of a Software Bluetooth Modem Based on a DSP Implementation}},
year={2005},
month={28-02},
pages={108--112},
doi={10.1109/CONIEL.2005.19},
}

@inproceedings{kountouris01,
author={Kountouris, A.A. and Moy, C. and Rambaud, L. and Le Corre, P.},
booktitle={VTC 2001:  IEEE VTS 54th Vehicular Technology Conference}, 
title={{A reconfigurable radio case study: a software based multi-standard transceiver for UMTS, GSM, EDGE and Bluetooth}},
year={2001},
volume={2},
pages={1196--1200},
doi={10.1109/VTC.2001.956965},
}

@inproceedings{ghosh07,
author={Ghosh, C. and Agrawal, D.P.},
booktitle={SECON '07. 4th Annual IEEE Communications Society Conference on Sensor, Mesh and Ad Hoc Communications and Networks}, 
title={{Cross Layer Performance Evaluation of a Software Defined Radio UWB Receiver using Turbo Decoding}},
year={2007},
pages={639--646},
doi={10.1109/SAHCN.2007.4292876},
}

@inproceedings{schmid06,
 author = {Schmid, Thomas and Dreier, Tad and Srivastava, Mani B.},
 title = {{Software radio implementation of short-range wireless standards for sensor networking}},
 booktitle = {WiNTECH '06: Proceedings of the 1st international workshop on Wireless network testbeds, experimental evaluation \& characterization},
 year = {2006},
 isbn = {1-59593-540-0},
 pages = {119--120},
 location = {Los Angeles, CA, USA},
 doi = {http://doi.acm.org/10.1145/1160987.1161020},
 publisher = {ACM},
 address = {New York, NY, USA},
 }
 
 @article{bellas07,
 author = {Bellas, Nikolaos and Chai, Sek M. and Dwyer, Malcolm and Linzmeier, Dan},
 title = {{Mapping streaming architectures on reconfigurable platforms}},
 journal = {SIGARCH Comput. Archit. News},
 volume = {35},
 number = {3},
 year = {2007},
 issn = {0163-5964},
 pages = {2--8},
 doi = {http://doi.acm.org/10.1145/1294313.1294318},
 publisher = {ACM},
 address = {New York, NY, USA},
 }

 
@article{schiphorst05,
 author = {Schiphorst, R. and Hoeksema, F. W. and Slump, C. H.},
 title = {{A real-time GPP software-defined radio testbed for the physical layer of wireless standards}},
 journal = {EURASIP J. Appl. Signal Process.},
 volume = {2005},
 year = {2005},
 issn = {1110-8657},
 pages = {2664--2672},
 doi = {http://dx.doi.org/10.1155/ASP.2005.2664},
 publisher = {Hindawi Publishing Corp.},
 address = {New York, NY, United States},
 }

@inproceedings{eslami09,
 author = {Eslami, Hamid and Patel, Gaurav and Sukumar, Chitaranjan P. and Tran, Sang V. and Eltawil, Ahmed M. and Rao, Raghu and Dick, Chris},
 title = {{Demonstration of highly programmable downlink OFDMA (WiMax) transceivers for SDR systems}},
 booktitle = {MobiHoc '09: Proceedings of the tenth ACM international symposium on Mobile ad hoc networking and computing},
 year = {2009},
 isbn = {978-1-60558-624-3},
 pages = {325--326},
 location = {New Orleans, LA, USA},
 doi = {http://doi.acm.org/10.1145/1530748.1530796},
 publisher = {ACM},
 address = {New York, NY, USA},
 }


@inproceedings{glossner06,
author={Glossner, J. and Iancu, D. and Moudgill, M. and Nacer, G. and Jinturkar, S. and Schulte, M.},
booktitle={SympoTIC '06: Joint IST Workshop onMobile Future and the Symposium on Trends in Communications.}, 
title={{The sandbridge SB3011 SDR platform}},
year={2006},
month={24-27},
pages={ii -v},
doi={10.1109/TIC.2006.1708006},
ISSN={},}

@misc{CATAPULTC,
author = {{Mentor Graphics}},
title = {{Catapult C Synthesis}},
year = {2010},
url = {http://\-www.mentor.com/\-products/\-esl/\-high\_level\_synthesis/},
}

@misc{GNU_RADIO,
author = {{GNU FSF project}},
title = {{The GNU Radio}},
year = {2010},
url = {http://\-www.gnu.org/\-software/\-gnuradio},
note = {[retrieved, November 8, 2010]}
}

@misc{USRP,
author = {{Ettus Research}},
title = {USRP},
year = {2010},
url = {http://www.ettus.com},
}

@misc{EPOS,
author = {{LISHA}},
title = {{Epos Project}},
year = {2010},
url = {http://epos.lisha.ufsc.br/},
}

@misc{WIKI_RADIO,
author = {{Wikipedia}},
title = {{Radio frequency --- Wikipédia{,} the free encyclopedia}},
year = {2008},
url = {http://en.wikipedia.org/wiki/Radio_frequency},
}

@misc{WIKI_GSM,
author = {{Wikipedia}},
title = {{GSM --- Wikipédia{,} the free encyclopedia}},
year = {2008},
url = {http://en.wikipedia.org/wiki/GSM},
}

@misc{WIKI_MODULATION,
author = {{Wikipedia}},
title = {{Modulation --- Wikipédia{,} the free encyclopedia}},
year = {2008},
url = {http://en.wikipedia.org/wiki/Modulation},
}

@misc{WIKI_IF,
author = {{Wikipedia}},
title = {{Intermediate frequency --- Wikipédia{,} the free encyclopedia}},
year = {2008},
url = {http://en.wikipedia.org/wiki/Intermediate_frequency},
}

@misc{WIKI_WIFI,
author = {{Wikipedia}},
title = {{Wi-Fi --- Wikipédia{,} the free encyclopedia}},
year = {2008},
url = {http://en.wikipedia.org/wiki/Wifi},
}

@misc{WIKI_BLUE,
author = {{Wikipedia}},
title = {{Bluetooth --- Wikipédia{,} the free encyclopedia}},
year = {2008},
url = {http://en.wikipedia.org/wiki/Bluetooth},
}

@misc{WIKI_DSP,
author = {{Wikipedia}},
title = {{Digital signal processing --- Wikipédia{,} the free encyclopedia}},
year = {2008},
url = {http://en.wikipedia.org/wiki/Digital_signal_processing},
}

@misc{WIKI_DDC,
author = {{Wikipedia}},
title = {{Digital down converter --- Wikipédia{,} the free encyclopedia}},
year = {2008},
url = {http://en.wikipedia.org/wiki/Digital_Down_Converter},
}

@misc{WIKI_WSN,
author = {{Wikipedia}},
title = {{Wireless sensor network --- Wikipédia{,} the free encyclopedia}},
year = {2008},
url = {http://en.wikipedia.org/wiki/Wireless_Sensor_Networks},
}

@misc{FOLDOC,
month = {January},
title = {Free OnLine Dictionary of Computing},
url = {http://www.foldoc.org/},
year = {2009},
}

@misc{XILINX,
title = {Xilinx},
url = {http://www.xilinx.com/},
}

@misc{POWER_PC,
author = {IBM},
title = {{IBM Semiconductor solutions -- Power Architecture}},
year = {2010},
url = {http://www-03.ibm.com/technology/power/index.html},
}

@misc{ML403,
 title = {{Virtex-4 ML403 Embedded Platform}},
 OPTauthor = {Xilinx},
 year = {2010},
 url = {http://\-www.xilinx.com\-/products/\-devkits/\-HW-V4-ML403-UNI-G.htm},
}


@misc{aeMB,
author = {{Aeste Works}},
title = {{aeMB 32-bit Microprocessor Core}},
year = {2010},
url = {http://www.aeste.net/content/aemb-32-bit-microprocessor-core},
}

@misc{XILINX_SPARTAN,
author = {Xilinx},
title = {{Spartan-3A Family}},
url = {http://www.xilinx.com/products/spartan3a/},
}

@misc{XILINX_SPARTAN_6,
author = {Xilinx},
title = {{Spartan-6 FPGA Family}},
url = {http://\-www.xilinx.com\-/products\-/spartan6\-/index.htm},
}

@misc{TI_FAST_ADC,
author = {{Texas Instruments}},
title = {{ADS54RF63}},
url = {www.ti.com/ads54rf63-pr},
}

@misc{802_11,
author = {IEEE},
title = {{IEE 802.11}},
url = {http://www.ieee802.org/11/},
}

@misc{SDR_FORUM,
author = {{SDR Forum}},
title = {{Software Defined Radio Forum}},
url = {http://www.sdrforum.org/},
}

@misc{BEAGLE_BOARD,
author = {BeagleBoard.org},
title = {{Beagle Board}},
url = {http://beagleboard.org/},
}

@misc{WARP,
author = {{Rice University}},
title = {{WARP}},
url = {http://warp.rice.edu},
}

@misc{OPENCPI,
author = {{Mercury Federal Systems}},
title = {{OpenCPI}},
url = {http://opencpi.org/},
}
