@BOOK{Froehlich:2001,
  AUTHOR = {Ant{\^{o}}nio Augusto Fr{\"{o}}hlich},
  TITLE = {Application-Oriented Operating Systems},
  PUBLISHER = {GMD - Forschungszentrum Informationstechnik},
  YEAR = 2001,
  NUMBER = 17,
  SERIES = {GMD Research Series},
  ADDRESS = {Sankt Augustin},
  MONTH = AUG
}

@article{Froehlich:Timers:2011,
title = "Periodic timers revisited: The real-time embedded system perspective",
journal = "Computers & Electrical Engineering",
volume = "37",
number = "3",
pages = "365--375",
year = "2011",
note = "",
issn = "0045-7906",
doi = "DOI: 10.1016/j.compeleceng.2011.03.003",
author = "Ant{\^{o}}nio Augusto Fr{\"{o}}hlich and Giovani Gracioli and João Felipe Santos"
}

@INPROCEEDINGS{Polpeta2004,
  author =	 {Fauze Val{\'e}rio Polpeta and Ant{\^o}nio Augusto
                  Fr{\"o}hlich},
  title =	 {Hardware mediators: a portability artifact for
                  component-based systems},
  booktitle =	 {In Proceedings of the International Conference on
                  Embedded and Ubiquitous Computing},
  year =	 {2004},
  volume =	 {3207},
  pages =	 {45-53},
  publisher =	 {Springer Berlin / Heidelberg},
  series =	 {Lecture Notes in Computer Science},
  address =	 {Aizu, Japan}
}

@inproceedings{Marcondes2009,
 author = {Marcondes, Hugo and Cancian, Rafael and Stemmer, Marcelo and Fr{\"{o}}hlich, Ant\^{o}nio Augusto},
 title = {On the Design of Flexible Real-Time Schedulers for Embedded Systems},
 booktitle = {CSE '09: Proceedings of the 2009 International Conference on Computational Science and Engineering},
 year = {2009},
 isbn = {978-0-7695-3823-5},
 pages = {382--387},
 doi = {http://dx.doi.org/10.1109/CSE.2009.407},
 publisher = {IEEE Computer Society},
 address = {Washington, DC, USA},
 }

@INPROCEEDINGS{Marcondes:2006, 
author={Marcondes, H. and Hoeller, A. S. and Wanner, L. F. and Fr{\"{o}}hlich, A. A.}, 
booktitle={ETFA '06: IEEE Conference on Emerging Technologies and Factory Automation}, 
title={Operating Systems Portability: 8 bits and beyond}, 
year={2006}, 
month={Sept.}, 
volume={}, 
number={}, 
pages={124 -130}, 
keywords={application-oriented component-based operating system;embedded software;operating systems portability;software-hardware interface;hardware-software codesign;object-oriented programming;operating systems (computers);software portability;}, 
doi={10.1109/ETFA.2006.355371}, 
ISSN={},}

@inproceedings{Anderson2010a,
 author = {Andrea Bastoni and Björn B. Brandenburg James H. Anderson},
 title = {Cache-Related Preemption and Migration Delays: Empirical Approximation and Impact on Schedulability},
 booktitle = {Sixth International Workshop on Operating Systems Platforms for Embedded Real-Time Applications},
 year = {2010},
 month = {Jul},
 isbn = {},
 pages = {33--44},
 doi = {},
 publisher = {},
 address = {Brussels, Belgum},
 }

@inproceedings{Anderson2009a,
 author = {Leontyev, Hennadiy and Anderson, James H.},
 title = {A Hierarchical Multiprocessor Bandwidth Reservation Scheme with Timing Guarantees},
 booktitle = {ECRTS '08: Proceedings of the 2008 Euromicro Conference on Real-Time Systems},
 year = {2008},
 isbn = {978-0-7695-3298-1},
 pages = {191--200},
 doi = {http://dx.doi.org/10.1109/ECRTS.2008.22},
 publisher = {IEEE Computer Society},
 address = {Washington, DC, USA},
 }

@article{Shelepov2009,
 author = {Shelepov, Daniel and Saez Alcaide, Juan Carlos and Jeffery, Stacey and Fedorova, Alexandra and Perez, Nestor and Huang, Zhi Feng and Blagodurov, Sergey and Kumar, Viren},
 title = {HASS: a scheduler for heterogeneous multicore systems},
 journal = {SIGOPS Operating System Review},
 volume = {43},
 number = {2},
 year = {2009},
 issn = {0163-5980},
 pages = {66--75},
 doi = {http://doi.acm.org/10.1145/1531793.1531804},
 publisher = {ACM},
 address = {New York, NY, USA},
 }

@inproceedings{Brandenburg2010a,
title = "An Empirical Comparison of Global, Partitioned, and Clustered Multiprocessor Real-Time Schedulers",
booktitle = "RTSS '10: Proceedings of the 31st IEEE Real-Time Systems Symposium",
isbn = "",
pages = "14--24",
year = "2010",
author = "Björn B. Brandenburg and James H. Anderson",
publisher = "IEEE Computer Society",
address = {San Diego, CA, USA},
}

@inproceedings{Anderson2008,
 author = {Calandrino, John M. and Anderson, James H.},
 title = {Cache-Aware Real-Time Scheduling on Multicore Platforms: Heuristics and a Case Study},
 booktitle = {ECRTS '08: Proceedings of the 2008 Euromicro Conference on Real-Time Systems},
 year = {2008},
 isbn = {978-0-7695-3298-1},
 pages = {299--308},
 doi = {http://dx.doi.org/10.1109/ECRTS.2008.10},
 publisher = {IEEE Computer Society},
 address = {Washington, DC, USA},
 }

@inproceedings{Anderson2007,
 author = {Leontyev, Hennadiy and Anderson, James H.},
 title = {Generalized Tardiness Bounds for Global Multiprocessor Scheduling},
 booktitle = {RTSS '07: Proceedings of the 28th IEEE International Real-Time Systems Symposium},
 year = {2007},
 isbn = {0-7695-3062-1},
 pages = {413--422},
 doi = {http://dx.doi.org/10.1109/RTSS.2007.26},
 publisher = {IEEE Computer Society},
 address = {Washington, DC, USA},
 }

@inproceedings{Li2007,
 author = {Li, Tong and Baumberger, Dan and Koufaty, David A. and Hahn, Scott},
 title = {Efficient operating system scheduling for performance-asymmetric multi-core architectures},
 booktitle = {SC '07: Proceedings of the 2007 ACM/IEEE conference on Supercomputing},
 year = {2007},
 isbn = {978-1-59593-764-3},
 pages = {1--11},
 location = {Reno, Nevada},
 doi = {http://doi.acm.org/10.1145/1362622.1362694},
 publisher = {ACM},
 address = {New York, NY, USA},
 }

@inproceedings{Anderson2006,
 author = {Anderson, James H. and Calandrino, John M. and Devi, UmaMaheswari C.},
 title = {Real-Time Scheduling on Multicore Platforms},
 booktitle = {RTAS '06: Proceedings of the 12th IEEE Real-Time and Embedded Technology and Applications Symposium},
 year = {2006},
 isbn = {0-7695-2516-4},
 pages = {179--190},
 doi = {http://dx.doi.org/10.1109/RTAS.2006.35},
 publisher = {IEEE Computer Society},
 address = {Washington, DC, USA},
 }

@inproceedings{Cho2006,
 author = {Cho, Hyeonjoong and Ravindran, Binoy and Jensen, E. Douglas},
 title = {An Optimal Real-Time Scheduling Algorithm for Multiprocessors},
 booktitle = {RTSS '06: Proceedings of the 27th IEEE International Real-Time Systems Symposium},
 year = {2006},
 isbn = {0-7695-2761-2},
 pages = {101--110},
 doi = {http://dx.doi.org/10.1109/RTSS.2006.10},
 publisher = {IEEE Computer Society},
 address = {Washington, DC, USA},
 }

@INPROCEEDINGS{Carpenter2004,
    author = {John Carpenter and Shelby Funk and Philip Holman and Anand Srinivasan and James Anderson and Sanjoy Baruah},
    title = {A Categorization of Real-time Multiprocessor Scheduling Problems and Algorithms},
    booktitle = {Handbook on Scheduling Algorithms, Methods, and Models},
    year = {2004},
    publisher = {Chapman Hall/CRC, Boca}
}

@inproceedings{Srinivasan2003,
 author = {Srinivasan, Anand and Holman, Philip and Anderson, James H. and Baruah, Sanjoy},
 title = {The Case for Fair Multiprocessor Scheduling},
 booktitle = {IPDPS '03: Proceedings of the 17th International Symposium on Parallel and Distributed Processing},
 year = {2003},
 isbn = {0-7695-1926-1},
 pages = {114.1},
 publisher = {IEEE Computer Society},
 address = {Washington, DC, USA},
 }

@article{Anderson2005,
 author = {Holman, Philip and Anderson, James H.},
 title = {Adapting Pfair scheduling for symmetric multiprocessors},
 journal = {J. Embedded Comput.},
 volume = {1},
 number = {4},
 year = {2005},
 issn = {1740-4460},
 pages = {543--564},
 publisher = {IOS Press},
 address = {Amsterdam, The Netherlands, The Netherlands},
 }

@inproceedings{Marwedel2005,
 author = {Wehmeyer, Lars and Marwedel, Peter},
 title = {Influence of Memory Hierarchies on Predictability for Time Constrained Embedded Software},
 booktitle = {DATE '05: Proceedings of the conference on Design, Automation and Test in Europe},
 year = {2005},
 isbn = {0-7695-2288-2},
 pages = {600--605},
 doi = {http://dx.doi.org/10.1109/DATE.2005.183},
 publisher = {IEEE Computer Society},
 address = {Washington, DC, USA},
 }

@inproceedings{Hackenberg2009,
 author = {Hackenberg, Daniel and Molka, Daniel and Nagel, Wolfgang E.},
 title = {Comparing cache architectures and coherency protocols on x86-64 multicore SMP systems},
 booktitle = {MICRO 42: Proceedings of the 42nd Annual IEEE/ACM International Symposium on Microarchitecture},
 year = {2009},
 isbn = {978-1-60558-798-1},
 pages = {413--422},
 location = {New York, New York},
 doi = {http://doi.acm.org/10.1145/1669112.1669165},
 publisher = {ACM},
 address = {New York, NY, USA},
 }

@article{Srinivasan2006,
 author = {Srinivasan, Anand and Anderson, James H.},
 title = {Optimal rate-based scheduling on multiprocessors},
 journal = {Journal of Computer and System Science},
 volume = {72},
 number = {6},
 year = {2006},
 issn = {0022-0000},
 pages = {1094--1117},
 doi = {http://dx.doi.org/10.1016/j.jcss.2006.03.001},
 publisher = {Academic Press, Inc.},
 address = {Orlando, FL, USA},
 }


@inproceedings{Anderson2009b,
 author = {Brandenburg, Bj\"{o}rn B. and Anderson, James H.},
 title = {On the Implementation of Global Real-Time Schedulers},
 booktitle = {RTSS '09: Proceedings of the 2009 30th IEEE Real-Time Systems Symposium},
 year = {2009},
 isbn = {978-0-7695-3875-4},
 pages = {214--224},
 doi = {http://dx.doi.org/10.1109/RTSS.2009.23},
 publisher = {IEEE Computer Society},
 address = {Washington, DC, USA},
 }

@inproceedings{Suhendra2008,
 author = {Suhendra, Vivy and Mitra, Tulika},
 title = {Exploring locking \& partitioning for predictable shared caches on multi-cores},
 booktitle = {DAC '08: Proceedings of the 45th annual Design Automation Conference},
 year = {2008},
 isbn = {978-1-60558-115-6},
 pages = {300--303},
 location = {Anaheim, California},
 doi = {http://doi.acm.org/10.1145/1391469.1391545},
 publisher = {ACM},
 address = {New York, NY, USA},
 }

@inproceedings{Guan2009,
 author = {Guan, Nan and Stigge, Martin and Yi, Wang and Yu, Ge},
 title = {Cache-aware scheduling and analysis for multicores},
 booktitle = {EMSOFT '09: Proceedings of the seventh ACM international conference on Embedded software},
 year = {2009},
 isbn = {978-1-60558-627-4},
 pages = {245--254},
 location = {Grenoble, France},
 doi = {http://doi.acm.org/10.1145/1629335.1629369},
 publisher = {ACM},
 address = {New York, NY, USA},
 }

@inproceedings{Hackenberg2009,
 author = {Hackenberg, Daniel and Molka, Daniel and Nagel, Wolfgang E.},
 title = {Comparing cache architectures and coherency protocols on x86-64 multicore SMP systems},
 booktitle = {MICRO 42: Proceedings of the 42nd Annual IEEE/ACM International Symposium on Microarchitecture},
 year = {2009},
 isbn = {978-1-60558-798-1},
 pages = {413--422},
 location = {New York, New York},
 doi = {http://doi.acm.org/10.1145/1669112.1669165},
 publisher = {ACM},
 address = {New York, NY, USA},
 }

@inproceedings{Li2009,
 author = {Li, Yan and Suhendra, Vivy and Liang, Yun and Mitra, Tulika and Roychoudhury, Abhik},
 title = {Timing Analysis of Concurrent Programs Running on Shared Cache Multi-Cores},
 booktitle = {RTSS '09: Proceedings of the 30th IEEE Real-Time Systems Symposium},
 year = {2009},
 isbn = {978-0-7695-3875-4},
 pages = {57--67},
 doi = {http://dx.doi.org/10.1109/RTSS.2009.32},
 publisher = {IEEE Computer Society},
 address = {Washington, DC, USA},
 }

@INPROCEEDINGS{Muralidhara:2010, 
author={Muralidhara, S.P. and Kandemir, M. and Raghavan, P.}, 
booktitle={IPDPS 10': Proceedings of the 25th IEEE International Symposium on Parallel Distributed Processing}, 
title={Intra-application cache partitioning}, 
year={2010}, 
month=april, 
volume={}, 
number={}, 
pages={1--12}, 
keywords={CMP;L2 cache;QoS enhancements;chip multiprocessors;critical path thread;dynamic cache partitioning scheme;fairness guarantees;intraapplication cache partitioning;multithreaded application;performance enhancement;private cache;quality of service enhancement;runtime system based partititioning;shared cache space;shared level 2 cache;shared on-chip resources;statically partitioned cache;throughput improvement;cache storage;microprocessor chips;multi-threading;multiprocessing systems;performance evaluation;quality of service;}, 
doi={10.1109/IPDPS.2010.5470416}, 
ISSN={1530-2075},}

@inproceedings{Chen:2007,
 author = {Chen, Shimin and Gibbons, Phillip B. and Kozuch, Michael and Liaskovitis, Vasileios and Ailamaki, Anastassia and Blelloch, Guy E. and Falsafi, Babak and Fix, Limor and Hardavellas, Nikos and Mowry, Todd C. and Wilkerson, Chris},
 title = {Scheduling threads for constructive cache sharing on CMPs},
 booktitle = {Proceedings of the 19th annual ACM symposium on Parallel algorithms and architectures},
 series = {SPAA '07},
 year = {2007},
 isbn = {978-1-59593-667-7},
 location = {San Diego, California, USA},
 pages = {105--115},
 numpages = {11},
 doi = {http://doi.acm.org/10.1145/1248377.1248396},
 acmid = {1248396},
 publisher = {ACM},
 address = {New York, NY, USA},
 keywords = {chip multiprocessors, constructive cache sharing, parallel depth first, scheduling algorithms, thread granularity, work stealing, working set profiling},
} 

@INPROCEEDINGS{YuChen:2009, 
author={Yu Chen and Wenlong Li and Changkyu Kim and Zhizhong Tang}, 
booktitle={IPDPS 09': Proceedings of the 24th IEEE International Symposium on Parallel Distributed Processing. }, 
title={Efficient shared cache management through sharing-aware replacement and streaming-aware insertion policy}, 
year={2009}, 
month={may}, 
volume={}, 
number={}, 
pages={1--11}, 
keywords={cache behavior;data streaming;low-overhead sampling;multicore processor;multiprogrammed workload;multithreaded application;shared cache management;shared-cache miss rate;sharing-aware replacement;streaming-aware insertion policy;multi-threading;shared memory systems;}, 
doi={10.1109/IPDPS.2009.5161016}, 
ISSN={1530-2075},}

@article{Azimi:2009,
 author = {Azimi, Reza and Tam, David K. and Soares, Livio and Stumm, Michael},
 title = {Enhancing operating system support for multicore processors by using hardware performance monitoring},
 journal = {SIGOPS Operating System Review},
 volume = {43},
 issue = {2},
 month = {April},
 year = {2009},
 issn = {0163-5980},
 pages = {56--65},
 numpages = {10},
 doi = {http://doi.acm.org/10.1145/1531793.1531803},
 acmid = {1531803},
 publisher = {ACM},
 address = {New York, NY, USA},
} 

@inproceedings{Azimi:2005,
 author = {Azimi, Reza and Stumm, Michael and Wisniewski, Robert W.},
 title = {Online performance analysis by statistical sampling of microprocessor performance counters},
 booktitle = {Proceedings of the 19th annual international conference on Supercomputing},
 series = {ICS '05},
 year = {2005},
 isbn = {1-59593-167-8},
 location = {Cambridge, Massachusetts},
 pages = {101--110},
 numpages = {10},
 doi = {http://doi.acm.org/10.1145/1088149.1088163},
 acmid = {1088163},
 publisher = {ACM},
 address = {New York, NY, USA},
} 


@inproceedings{Liedtke:1997,
 author = {Liedtke, Jochen and Haertig, Hermann and Hohmuth, Michael},
 title = {OS-Controlled Cache Predictability for Real-Time Systems},
 booktitle = {RTAS '97: Proceedings of the 3rd IEEE Real-Time Technology and Applications Symposium},
 year = {1997},
 isbn = {0-8186-8016-4},
 pages = {213--224},
 acmid = {828369},
 publisher = {IEEE Computer Society},
 address = {Washington, DC, USA},
}

@article{Tam:2007,
 author = {Tam, David and Azimi, Reza and Stumm, Michael},
 title = {Thread clustering: sharing-aware scheduling on SMP-CMP-SMT multiprocessors},
 journal = {SIGOPS Operating System Review},
 volume = {41},
 issue = {3},
 month = {March},
 year = {2007},
 issn = {0163-5980},
 pages = {47--58},
 numpages = {12},
 doi = {http://doi.acm.org/10.1145/1272998.1273004},
 acmid = {1273004},
 publisher = {ACM},
 address = {New York, NY, USA},
 keywords = {CMP, SMP, SMT, affinity scheduling, cache behavior, cache locality, detecting sharing, hardware performance counters, hardware performance monitors, multithreading, performance monitoring unit, resource allocation, shared caches, sharing, simultaneous multithreading, single-chip multiprocessors, thread migration, thread placement, thread scheduling},
}

@inproceedings{Zhuravlev:2010,
 author = {Zhuravlev, Sergey and Blagodurov, Sergey and Fedorova, Alexandra},
 title = {Addressing shared resource contention in multicore processors via scheduling},
 booktitle = {Proceedings of the 15th edition of ASPLOS on Architectural support for programming languages and operating systems},
 series = {ASPLOS '10},
 year = {2010},
 isbn = {978-1-60558-839-1},
 location = {Pittsburgh, Pennsylvania, USA},
 pages = {129--142},
 numpages = {14}
 doi = {http://doi.acm.org/10.1145/1736020.1736036},
 acmid = {1736036},
 publisher = {ACM},
 address = {New York, NY, USA},
 keywords = {multicore processors, scheduling, shared resource contention},
} 

@inproceedings{BoydWickizer:10,
    author = {Boyd-Wickizer, Silas and Clements, Austin T. and Mao, Yandong and Pesterev, Aleksey and Kaashoek, M. Frans and Morris, Robert and Zeldovich, Nickolai},
    booktitle = {OSDI 2010: Proceedings of the 9th USENIX conference on Operating Systems Design and Implementation},
    title = {{An Analysis of Linux Scalability to Many Cores}},
	year = {2010},
}

@ARTICLE{Sprunt:02, 
author={Sprunt, B.}, 
journal={IEEE Micro}, 
title={Pentium 4 performance-monitoring features}, 
year={2002}, 
month={Jul/Aug}, 
volume={22}, 
number={4}, 
pages={72--82}, 
keywords={Intel;Pentium 4;Xeon;multithreaded execution;performance monitoring;microprocessor chips;multi-threading;performance evaluation;}, 
doi={10.1109/MM.2002.1028478}, 
ISSN={0272-1732},
}

@inproceedings{Dongarra:2003,
 author = {Dongarra, Jack and London, Kevin and Moore, Shirley and Mucci, Philip and Terpstra, Daniel and You, Haihang and Zhou, Min},
 title = {Experiences and Lessons Learned with a Portable Interface to Hardware Performance Counters},
 booktitle = {Proceedings of the 17th International Symposium on Parallel and Distributed Processing},
 series = {IPDPS '03},
 year = {2003},
 isbn = {0-7695-1926-1},
 pages = {289.2--},
 acmid = {838505},
 publisher = {IEEE Computer Society},
 address = {Washington, DC, USA},
}

@INPROCEEDINGS{May:01, 
author={May, J.M.}, 
booktitle={Proceedings of the 15th International Parallel and Distributed Processing Symposium.}, 
title={MPX: Software for multiplexing hardware performance counters in multithreaded programs}, 
year={2001}, 
month=apr, 
volume={}, 
number={}, 
pages={8 pp.}, 
keywords={MPX;counter multiplexing;hardware counter data;multithreaded programs;time sharing;multi-threading;multiplexing;}, 
doi={10.1109/IPDPS.2001.924955}, 
ISSN={},
}

@book{Patterson:06,
    author = {Hennessy, John L. and Patterson, David A.},
    howpublished = {Paperback},
    isbn = {0123704901},
    keywords = {dataflow},
    month = {September},
    posted-at = {2008-12-15 10:06:34},
    priority = {2},
    publisher = {{Morgan Kaufmann, Fourth Edition}},
    title = {{Computer Architecture: A Quantitative Approach}},
    year = {2006}
}

@MISC{amd64,
   author = "AMD",
   title = "AMD64 Architecture Programmer’s Manual Volume 2: System Programming",
   year = "June 2010. Publication \# 24593",
   note = "revision: 3.17",
}


@book{intel,
	author        = {{Intel Corporation}},
	title         = {{An introduction to the Intel QuickPath Interconnect}},
	year          = {2009},
	month         = {January},
	number        = {320412-001US},
}

@article{Cancian:07,
  author = {Rafael L. Cancian and Marcelo R. Stemmer and Alexandre Schulter and Ant\^{o}nio A. M. Fr\"{o}hlich},
  title = {A Tool for Supporting and Automating the Development of Component-based Embedded Systems},
  journal = {Journal of Object Technology},
  volume = {6},
  number = {9},
  issn = {1660-1769},
  year = {2007},
  month = oct,
  editor = {Jean B\'{e}zivin and Bertrand Meyer},
  note = {TOOLS EUROPE 2007 --- Objects, Models, Components, Patterns},
  pages = {399-416},
  doi = {10.5381/jot.2007.6.9.a20},
}

@inproceedings{Cho:2006b,
 author = {Cho, Sangyeun and Jin, Lei},
 title = {Managing Distributed, Shared L2 Caches through OS-Level Page Allocation},
 booktitle = {Proceedings of the 39th Annual IEEE/ACM International Symposium on Microarchitecture},
 series = {MICRO 39},
 year = {2006},
 isbn = {0-7695-2732-9},
 pages = {455--468},
 numpages = {14},
 doi = {http://dx.doi.org/10.1109/MICRO.2006.31},
 acmid = {1194858},
 publisher = {IEEE Computer Society},
 address = {Washington, DC, USA},
} 

@inproceedings{Zhang:2009,
 author = {Zhang, Xiao and Dwarkadas, Sandhya and Shen, Kai},
 title = {Towards practical page coloring-based multicore cache management},
 booktitle = {Proceedings of the 4th ACM European conference on Computer systems},
 series = {EuroSys '09},
 year = {2009},
 isbn = {978-1-60558-482-9},
 location = {Nuremberg, Germany},
 pages = {89--102},
 numpages = {14},
 doi = {http://doi.acm.org/10.1145/1519065.1519076},
 acmid = {1519076},
 publisher = {ACM},
 address = {New York, NY, USA},
 keywords = {cache partitioning, multi-core, page coloring, resource management},
} 

@inproceedings{corey,
  author    = {Silas Boyd-Wickizer and
               Haibo Chen and
               Rong Chen and
               Yandong Mao and
               M. Frans Kaashoek and
               Robert Morris and
               Aleksey Pesterev and
               Lex Stein and
               Ming Wu and
               Yue-hua Dai and
               Yang Zhang and
               Zheng Zhang},
  title     = {Corey: An Operating System for Many Cores},
  booktitle = {OSDI 08': Proceedings of the 8th USENIX conference on Operating Systems Design and Implementation},
  year      = {2008},
  pages     = {43-57}
}

@inproceedings{Barrelfish,
    author = {Schupbach, A. and Simon, Peter and Baumann, Andrew and Roscoe, Timothy},
    booktitle = {MMCS 08': Proceedings of the Workshop on Managed Many-Core Systems},
    title = {{Embracing diversity in the Barrelfish manycore operating system}},
    year = {June 2008},
	publisher = {ACM}
}


@article{Bellosa:1996,
 author = {Bellosa, Frank and Steckermeier, Martin},
 title = {The performance implications of locality information usage in shared-memory multiprocessors},
 journal = {Journal of Parallel Distributed Computing},
 volume = {37},
 issue = {1},
 month = {August},
 year = {1996},
 issn = {0743-7315},
 pages = {113--121},
 numpages = {9},
 doi = {10.1006/jpdc.1996.0112},
 acmid = {241180},
 publisher = {Academic Press, Inc.},
 address = {Orlando, FL, USA},
}
 
@MISC{Jones:2009,
   author = "M. Tim Jones",
   title = "Inside the Linux 2.6 Completely Fair Scheduler",
   year = "December 2009 [Accessed: 02 Mar. 2011]",
   url = "http://www.ibm.com/developerworks/linux/library/l-completely-fair-scheduler/"
}

@article{West:2010,
 author = {West, Richard and Zaroo, Puneet and Waldspurger, Carl A. and Zhang, Xiao},
 title = {Online cache modeling for commodity multicore processors},
 journal = {SIGOPS Operating System Review},
 issue_date = {December 2010},
 volume = {44},
 issue = {4},
 month = {December},
 year = {2010},
 issn = {0163-5980},
 pages = {19--29},
 numpages = {11},
 doi = {http://doi.acm.org/10.1145/1899928.1899931},
 acmid = {1899931},
 publisher = {ACM},
 address = {New York, NY, USA},
 keywords = {CMPs, multicore processors, shared cache resource management},
}

@article{Weissman:1998,
 author = {Weissman, Boris},
 title = {Performance counters and state sharing annotations: a unified approach to thread locality},
 journal = {SIGOPS Operating System Review},
 volume = {32},
 issue = {5},
 month = {October},
 year = {1998},
 issn = {0163-5980},
 pages = {127--138},
 numpages = {12},
 doi = {http://doi.acm.org/10.1145/384265.291035},
 acmid = {291035},
 publisher = {ACM},
 address = {New York, NY, USA},
}

@ARTICLE{Cullmann10a,
   author = {Christoph Cullmann and Christian Ferdinand and Gernot Gebhard and Daniel Grund and Claire Maiza and Jan Reineke and Beno\^it Triquet and Simon Wegener and Reinhard Wilhelm},
   title = {Predictability Considerations in the Design of Multi-Core Embedded Systems},
   journal = {Ing\'enieurs de l'Automobile},
   year = {2010},
   volume = {807},
   pages = {36--42},
   month = {September},
   issn = {0020-1200}
}

@inproceedings{Mohan2011,
 author = {S. Mohan and M. Caccamo and L. Sha and R. Pellizzoni and G. Arundale and R. Kegley and D. de Niz },
 title = {Using Multicore Architectures in Cyber-Physical Systems},
 booktitle = {Workshop on Developing Dependable and Secure Automotive Cyber-Physical Systems from Components},
 year = {2011},
 month = {Mar},
 isbn = {},
 pages = {},
 doi = {},
 publisher = {},
 address = {Michigan, USA},
 }

@book{intelsys,
	author        = {{Intel Corporation}},
	title         = {{Intel\textsuperscript{\textregistered} 64 and IA-32 Architectures Software Developer's Manual}},
	year          = {2011},
	month         = {January},
	number        = {253668-037US},
}

@book{intelperf,
	author        = {Rama Kishan Malladi},
	title         = {{Using Intel\textsuperscript{\textregistered} VTuneTM Performance Analyzer Events/Ratios & Optimizing Applications}},
	number        = {Intel\textsuperscript{\textregistered} White Paper},
}

@book{codeanalyst,
	author        = {Paul J. Drongowski},
	title         = {An introduction to analysis and optimization with AMD CodeAnalyst Performance Analyzer},
	year		  = {2008},
	month	      = {September},
}

@inproceedings{Dongarra:2003,
 author = {Dongarra, Jack and London, Kevin and Moore, Shirley and Mucci, Philip and Terpstra, Daniel and You, Haihang and Zhou, Min},
 title = {Experiences and Lessons Learned with a Portable Interface to Hardware Performance Counters},
 booktitle = {Proceedings of the 17th International Symposium on Parallel and Distributed Processing},
 series = {IPDPS '03},
 year = {2003},
 isbn = {0-7695-1926-1},
 pages = {289.2--},
 acmid = {838505},
 publisher = {IEEE Computer Society},
 address = {Washington, DC, USA},
} 

@INPROCEEDINGS{papi,
    author = {Philip J. Mucci and Shirley Browne and Christine Deane and George Ho},
    title = {PAPI: A Portable Interface to Hardware Performance Counters},
    booktitle = {In Proceedings of the Department of Defense HPCMP Users Group Conference},
    year = {1999},
    pages = {7--10}
}

@inproceedings{Calandrino:2009,
 author = {Calandrino, John M. and Anderson, James H.},
 title = {On the Design and Implementation of a Cache-Aware Multicore Real-Time Scheduler},
 booktitle = {Proceedings of the 2009 21st Euromicro Conference on Real-Time Systems},
 year = {2009},
 isbn = {978-0-7695-3724-5},
 pages = {194--204},
 numpages = {11},
 doi = {10.1109/ECRTS.2009.13},
 acmid = {1581519},
 publisher = {IEEE Computer Society},
 address = {Washington, DC, USA},
}