@incollection{Brown:2001,
	year={2001},
	isbn={978-3-540-41898-6},
	booktitle={Topics in Cryptology - CT-RSA 2001},
	volume={2020},
	series={Lecture Notes in Computer Science},
	editor={Naccache, David},
	doi={10.1007/3-540-45353-9_19},
	title={Software Implementation of the NIST Elliptic Curves Over Prime Fields},
	publisher={Springer Berlin Heidelberg},
	author={Brown, Michael and Hankerson, Darrel and L\'opez, Julio and Menezes, Alfred},
	pages={250-265},
	language={English}
}
	%url={http://dx.doi.org/10.1007/3-540-45353-9_19},


@book{STALLINGS,
	author = {William Stallings},
	title = {Cryptography And Network Security},
	year = {2011},
	publisher = {Pearson},
	edition = {5}
}
@book{HAC,
	author = {A. Menezes and P. van Oorschot and S. Vanstone},
	title = {Handbook of Applied Cryptography},
	year = {1996},
	publisher = {CRC Press},
	chapter = {14},
	pages = {599-606, 613-627}
}
@manual{SECV2,
	title = {Standards for Efficient Cryptography (SEC) SEC 2: Recommended Elliptic Curve Domain Parameters},
	organization = {Certicom Research},
	year = {2000},
	month = {September}
}
@inproceedings{PTP,
	author = {Peterson Oliveira and Alexandre Massayuki Okazaki and Ant\^onio Augusto Fr\"ohlich},
	title = {Sincroniza\,c\~ao de Tempo a n\'ivel de SO utilizando o protocolo IEEE1588},
	booktitle = {Simp\'osio Brasileiro de Engenharia de Sistemas Computacionais},
	address = {Natal, Brazil},
	month = {November},
	year = {2012},
}
@inproceedings{POLY,
	author = {Daniel J. Bernstein},
	title = {The Poly1305-AES message-authentication code},
	booktitle = {Proceedings of Fast Software Encryption},
	year = {2005},
	month = {February},
	address = {Paris, France},
	pages = {32-49}
}
@InProceedings{SEUS,
	author = {Ant\^onio Augusto Fr\"ohlich and Alexandre Massayuki Okazaki and Rodrigo Vieira Steiner and Peterson Oliveira and Jean Everson Martina},
	title =	{A Cross-layer Approach to Trustfulness in the Internet of Things},
	booktitle =	{9th Workshop on Software Technologies for Embedded and Ubiquitous Systems (SEUS)},
	year =	{2013},
	address = {Paderborn, Germany},
	month =	{June}
}
@ONLINE{NSA,
	author = {National Security Agency},
	title = {The Case for Elliptic Curve Cryptography},
	month = may,
	year = {2014},
	url = {http://www.nsa.gov/business/programs/elliptic\_curve.shtml}
}
