@inproceedings{Afonso:2007,
  author =	 {Francisco Afonso and Carlos Silva and Sergio
                  Montenegro and Adriano Tavares},
  title =	 {{Applying aspects to a real-time embedded operating
                  system}},
  booktitle =	 {Proceedings of the 6th workshop on Aspects,
                  components, and patterns for infrastructure software},
  series =	 {ACP4IS '07},
  year =	 {2007},
  isbn =	 {978-1-59593-657-8},
  location =	 {Vancouver, British Columbia, Canada},
  articleno =	 {1},
  doi =		 {http://doi.acm.org/10.1145/1233901.1233902},
  acmid =	 {1233902},
  publisher =	 {ACM},
  address =	 {New York, NY, USA},
  keywords =	 {aspect oriented programming, customization,
                  modularization},
}

@inproceedings{Akgul:2003,
  Author =	 {B. Akgul},
  Booktitle =	 {24th IEEE International Real-Time Systems Symposium},
  Editor =	 {Kluwer Academic Publishers},
  Title =	 {Hardware Support for Priority Inheritance},
  Year =	 {2003}
}

@inproceedings{Anderson:2006,
  Author =	 {Anderson, E. and Agron, J. and Peck, W. and Stevens,
                  J. and Baijot, F. and Komp, E. and Sass, R. and
                  Andrews, D.},
  Booktitle =	 {Field-Programmable Custom Computing Machines,
                  2006. FCCM '06. 14th Annual IEEE Symposium on},
  Date-Added =	 {2009-03-27 16:22:45 -0300},
  Date-Modified ={2009-03-27 16:22:45 -0300},
  Pages =	 {89--98},
  Title =	 {Enabling a Uniform Programming Model Across the
                  Software/Hardware Boundary},
  Year =	 {2006}
}

@article{Apel:2008,
  author =	 {Sven Apel and Thomas Leich and Gunter Saake},
  title =	 {{Aspectual Feature Modules}},
  journal =	 {IEEE Trans. Softw. Eng.},
  volume =	 {34},
  issue =	 {2},
  month =	 {March},
  year =	 {2008},
  issn =	 {0098-5589},
  pages =	 {162--180},
  numpages =	 {19},
  doi =		 {10.1109/TSE.2007.70770},
  acmid =	 {1399450},
  publisher =	 {IEEE Press},
  address =	 {Piscataway, NJ, USA},
  keywords =	 {Design Tools and Techniques, Design, Language
                  Constructs and Features},
}

@inproceedings{Bainbridge-Smith:2005,
  author =	 {Andrew Bainbridge-Smith and Su-Hyun Park},
  booktitle =	 {Field-Programmable Technology, 2005. Proceedings. 2005
                  IEEE International Conference on},
  title =	 {{ADH: an aspect described hardware programming
                  language}},
  year =	 {2005},
  month =	 {dec},
  pages =	 {283--284},
  keywords =	 { aspect described hardware programming language;
                  aspect oriented programming; hardware description
                  programming language; signal processing;
                  object-oriented programming; programming languages;},
  doi =		 {10.1109/FPT.2005.1568562},
}

@inproceedings{Burapathana:2005,
  author =	 {Petcharat Burapathana and Proadpran Pitsatorn and
                  Boonchai Sowanwanichkul},
  title =	 {{An Applying Aspect-Oriented Concept to Sequential
                  Logic Design}},
  booktitle =	 {Proceedings of the International Conference on
                  Information Technology: Coding and Computing (ITCC'05)
                  - Volume II - Volume 02},
  series =	 {ITCC '05},
  year =	 {2005},
  isbn =	 {0-7695-2315-3},
  pages =	 {819--820},
  numpages =	 {2},
  doi =		 {http://dx.doi.org/10.1109/ITCC.2005.69},
  acmid =	 {1059312},
  publisher =	 {IEEE Computer Society},
  address =	 {Washington, DC, USA},
  keywords =	 {Aspect-oriented concept, Crosscutting, Reusability,
                  Hardware design and Sequential logic},
}

@inproceedings{Cai:2003,
  author =	 {Lukai Cai and Daniel Gajski},
  title =	 {{Transaction level modeling: an overview}},
  booktitle =	 {Proceedings of the 1st IEEE/ACM/IFIP international
                  conference on Hardware/software codesign and system
                  synthesis},
  series =	 {CODES+ISSS '03},
  year =	 {2003},
  isbn =	 {1-58113-742-7},
  location =	 {Newport Beach, CA, USA},
  pages =	 {19--24},
  numpages =	 {6},
  doi =		 {http://doi.acm.org/10.1145/944645.944651},
  acmid =	 {944651},
  publisher =	 {ACM},
  address =	 {New York, NY, USA},
  keywords =	 {exploration, modeling, refinement, synthesis,
                  transaction level model, validation},
}

@inproceedings{Chandra:2006,
  author =	 {Chandra, Sathish and Regazzoni, Francesco and Lajolo,
                  Marcello},
  title =	 {Hardware/software partitioning of operating systems: a
                  behavioral synthesis approach},
  booktitle =	 {Proceedings of the 16th ACM Great Lakes symposium on
                  VLSI},
  series =	 {GLSVLSI '06},
  year =	 {2006},
  isbn =	 {1-59593-347-6},
  location =	 {Philadelphia, PA, USA},
  pages =	 {324--329},
  numpages =	 {6},
  url =		 {http://doi.acm.org/10.1145/1127908.1127983},
  doi =		 {http://doi.acm.org/10.1145/1127908.1127983},
  acmid =	 {1127983},
  publisher =	 {ACM},
  address =	 {New York, NY, USA},
  keywords =	 {HW/SW codesign, RTOS, embedded systems, operating
                  systems, partitioning},
}

@book{Czarnecki:2000,
  author =	 {Krzysztof Czarnecki and Ulrich W. Eisenecker},
  title =	 {{Generative programming: methods, tools, and
                  applications}},
  year =	 {2000},
  isbn =	 {0-201-30977-7},
  publisher =	 {ACM Press/Addison-Wesley Publishing Co.},
  address =	 {New York, NY, USA},
}

@inproceedings{Damasevicius:2003,
  author =	 {Robertas Dama\v{s}evi\v{c}ius and Giedrius Majauskas
                  and Vytautas \v{S}tuikys},
  title =	 {{Application of design patterns for hardware design}},
  booktitle =	 {Proceedings of the 40th annual Design Automation
                  Conference},
  series =	 {DAC '03},
  year =	 {2003},
  isbn =	 {1-58113-688-9},
  location =	 {Anaheim, CA, USA},
  pages =	 {48--53},
  numpages =	 {6},
  doi =		 {http://doi.acm.org/10.1145/775832.775847},
  acmid =	 {775847},
  publisher =	 {ACM},
  address =	 {New York, NY, USA},
  keywords =	 {UML, design patterns, metaprogramming, system-level
                  design processes, wrapping},
}

@inproceedings{Deharbe:2006,
  author =	 {David D\'{e}harbe and Sergio Medeiros},
  title =	 {{Aspect-oriented design in systemC: implementation and
                  applications}},
  booktitle =	 {Proceedings of the 19th annual symposium on Integrated
                  circuits and systems design},
  series =	 {SBCCI '06},
  year =	 {2006},
  isbn =	 {1-59593-479-0},
  location =	 {Ouro Preto, MG, Brazil},
  pages =	 {119--124},
  numpages =	 {6},
  doi =		 {http://doi.acm.org/10.1145/1150343.1150378},
  acmid =	 {1150378},
  publisher =	 {ACM},
  address =	 {New York, NY, USA},
  keywords =	 {aspect-oriented programming, hardware description
                  languages, systemC},
}

@inproceedings{Endoh:2008,
  author =	 {Yusuke Endoh and Takeo Imai and Mikito Iwamasa and
                  Yoshio Kataoka},
  title =	 {{A pointcut-based assertion for high-level hardware
                  design}},
  booktitle =	 {Proceedings of the 2008 AOSD workshop on Aspects,
                  components, and patterns for infrastructure software},
  series =	 {ACP4IS '08},
  year =	 {2008},
  isbn =	 {978-1-60558-142-2},
  location =	 {Brussels, Belgium},
  pages =	 {4:1--4:6},
  articleno =	 {4},
  numpages =	 {6},
  doi =		 {http://doi.acm.org/10.1145/1404891.1404895},
  acmid =	 {1404895},
  publisher =	 {ACM},
  address =	 {New York, NY, USA},
}

@inproceedings{Endoh:2008,
  author =	 {Yusuke Endoh and Takeo Imai and Mikito Iwamasa and
                  Yoshio Kataoka},
  title =	 {{A pointcut-based assertion for high-level hardware
                  design}},
  booktitle =	 {Proceedings of the 2008 AOSD workshop on Aspects,
                  components, and patterns for infrastructure software},
  series =	 {ACP4IS '08},
  year =	 {2008},
  location =	 {Brussels, Belgium},
  pages =	 {4:1--4:6},
  articleno =	 {4},
  numpages =	 {6},
  acmid =	 {1404895},
  publisher =	 {ACM},
  address =	 {New York, NY, USA},
}

@inproceedings{Endoh:2011,
  author =	 {Yusuke Endoh},
  title =	 {{ASystemC: an AOP extension for hardware description
                  language}},
  booktitle =	 {Proceedings of the tenth international conference on
                  Aspect-oriented software development companion},
  series =	 {AOSD '11},
  year =	 {2011},
  location =	 {Porto de Galinhas, Brazil},
  pages =	 {19--28},
  numpages =	 {10},
  acmid =	 {1960322},
  publisher =	 {ACM},
  address =	 {New York, NY, USA},
  keywords =	 {hardware description language, systemc},
}

@inproceedings{Engel:2008,
  author =	 {Michael Engel and Olaf Spinczyk},
  title =	 {{Aspects in hardware: what do they look like?}},
  booktitle =	 {Proceedings of the 2008 AOSD workshop on Aspects,
                  components, and patterns for infrastructure software},
  series =	 {ACP4IS '08},
  year =	 {2008},
  isbn =	 {978-1-60558-142-2},
  location =	 {Brussels, Belgium},
  pages =	 {5:1--5:6},
  articleno =	 {5},
  numpages =	 {6},
  doi =		 {http://doi.acm.org/10.1145/1404891.1404896},
  acmid =	 {1404896},
  publisher =	 {ACM},
  address =	 {New York, NY, USA},
}

@inproceedings{FengLiu:2009,
  author =	 {Feng Liu and Otmane Ait Mohamed and Xiaoyu Song and
                  Qingping Tan},
  title =	 {{A case study on system-level modeling by
                  aspect-oriented programming}},
  booktitle =	 {Proceedings of the 2009 10th International Symposium
                  on Quality of Electronic Design},
  year =	 {2009},
  isbn =	 {978-1-4244-2952-3},
  pages =	 {345--349},
  numpages =	 {5},
  doi =		 {10.1109/ISQED.2009.4810318},
  acmid =	 {1548358},
  publisher =	 {IEEE Computer Society},
  address =	 {Washington, DC, USA},
}

@inproceedings{Froehlich:2000,
  author =	 {Ant\^{o}nio Augusto Fr\"{o}hlich and Wolfgang
                  Schr\"{o}der-Preikschat},
  title =	 {{Scenario Adapters: Efficiently Adapting Components}},
  booktitle =	 {Proceedings of the 4th World Multiconference on
                  Systemics, Cybernetics and Informatics},
  year =	 {2000},
  address =	 {Orlando, USA},
}

@book{Froehlich:2001,
  author =	 {Ant\^{o}nio Augusto Fr\"{o}hlich},
  title =	 {{Application-Oriented Operating Systems}},
  publisher =	 {GMD - Forschungszentrum Informationstechnik},
  year =	 {2001},
  pages =	 {200},
  number =	 {17},
  series =	 {GMD Research Series},
  address =	 {Sankt Augustin},
  month =	 {aug}
}

@inproceedings{Jun:2009,
  author =	 {Ye Jun and Li Tun and Tan Qingping},
  booktitle =	 {Specification Design Languages, 2009. FDL 2009. Forum
                  on},
  title =	 {{The application of Aspectual Feature Module in the
                  development and verification of SystemC models}},
  year =	 {2009},
  month =	 {sep},
  pages =	 {1 -6},
  ISSN =	 {1636-9874},
}

@inproceedings{Kallel:2010,
  author =	 {Meriam Kallel and Younes Lahbib and Rached Tourki and
                  Adel Baganne},
  booktitle =	 {Design and Technology of Integrated Systems in
                  Nanoscale Era (DTIS), 2010 5th International
                  Conference on},
  title =	 {Verification of SystemC transaction level models using
                  an aspect-oriented and generic approach},
  year =	 {2010},
  month =	 {mar},
  pages =	 {1 -6},
  keywords =	 {SystemC transaction level;TLM-2.0 standard
                  compliant;aspect-oriented programming
                  techniques;generic approach;high-level TLM
                  features;open core protocol interfaces;system-on-chip
                  a platform;transaction level modeling;aspect-oriented
                  programming;protocols;system-on-chip;transmission line
                  matrix methods;},
  doi =		 {10.1109/DTIS.2010.5487605},
}

@inproceedings{Kiczales:1997,
  author =	 {Gregor Kiczales and John Lamping and Anurag Mendhekar
                  and Chris Maeda and Cristina Videira Lopes and
                  Jean-Marc Loingtier and John Irwin},
  title =	 {{Aspect-Oriented Programming}},
  booktitle =	 {Proceedings of the European Conference on
                  Object-oriented Programming'97},
  address =	 {Jyv�skyl�, Finland},
  series =	 {Lecture Notes in Computer Science},
  volume =	 1241,
  pages =	 {220--242},
  publisher =	 {Springer},
  month =	 jun,
  year =	 1997,
}

@inproceedings{Kiczales:2001,
  author =	 {Gregor Kiczales and Erik Hilsdale and Jim Hugunin and
                  Mik Kersten and Jeffrey Palm and William G. Griswold},
  title =	 {{An Overview of AspectJ}},
  booktitle =	 {Proceedings of the 15th European Conference on
                  Object-Oriented Programming},
  series =	 {ECOOP '01},
  year =	 {2001},
  isbn =	 {3-540-42206-4},
  pages =	 {327--353},
  numpages =	 {27},
  acmid =	 {680006},
  publisher =	 {Springer-Verlag},
  address =	 {London, UK, UK},
}

@inproceedings{Kohout:2003,
  Address =	 {Newport Beach, CA - USA},
  Author =	 {P. Kohout and B. Jacob},
  Booktitle =	 {Proceedings of CODES - ISSS'03},
  Title =	 {Hardware Support for Real-Time Operating Systems},
  Year =	 {2003}
}

@inproceedings{Kuacharoen:2003,
  Author =	 {P. Kuacharoen, M. Shalan and V. Mooney},
  Booktitle =	 {Proceedings of International Conference on Engineering
                  of Reconfigurable Systems and Algorithms - ERSA'03},
  Title =	 {A Configurable Hardware Scheduler for Real-Time
                  Systems},
  Year =	 {2003}
}

@inproceedings{Liu:2010,
  author =	 {Feng Liu and Qingping Tan and Xiaoyu Song and Naeem
                  Abbasi},
  title =	 {{AOP-based high-level power estimation in SystemC}},
  booktitle =	 {Proceedings of the 20th symposium on Great lakes
                  symposium on VLSI},
  series =	 {GLSVLSI '10},
  year =	 {2010},
  isbn =	 {978-1-4503-0012-4},
  location =	 {Providence, Rhode Island, USA},
  pages =	 {353--356},
  numpages =	 {4},
  doi =		 {http://doi.acm.org/10.1145/1785481.1785562},
  acmid =	 {1785562},
  publisher =	 {ACM},
  address =	 {New York, NY, USA},
  keywords =	 {aspectc++, power estimation, systemc},
}

@Article{Liu:2011,
  author =	 {Miao Liu and Duo Liu and Yi Wang and Meng Wang and
                  Zili Shao},
  title =	 {On Improving Real-Time Interrupt Latencies of Hybrid
                  Operating Systems with Two-Level Hardware Interrupts},
  journal =	 {IEEE Transactions on Computers},
  volume =	 {60},
  issn =	 {0018-9340},
  year =	 {2011},
  pages =	 {978--991},
  doi =
                  {http://doi.ieeecomputersociety.org/10.1109/TC.2010.119},
  publisher =	 {IEEE Computer Society},
  address =	 {Los Alamitos, CA, USA}
}

@online{systemc_subset,
author = {{OSCI}},
title={SystemC Synthesizable Subset Draft 1.3},
url={http://www.systemc.org/},
year = 2010,
}

@INPROCEEDINGS{Lubbers:2008,
  author =	 {Lubbers, E. and Platzner, M.},
  booktitle =	 {Field Programmable Logic and Applications, 2008. FPL
                  2008. International Conference on},
  title =	 {A portable abstraction layer for hardware threads},
  year =	 {2008},
  month =	 {sept.},
  volume =	 {},
  number =	 {},
  pages =	 {17 -22},
  keywords =	 {ReconOS;hardware threads;multithreaded programming
                  model;portable abstraction layer;reconfigurable
                  computers;multi-threading;reconfigurable
                  architectures;},
  doi =		 {10.1109/FPL.2008.4629901},
  ISSN =	 {},
}

@inproceedings{Marcondes:2009,
  author =	 {Hugo Marcondes and Ant\^{o}nio Augusto Fr\"{o}hlich},
  title =	 {{A Hybrid Hardware and Software Component Architecture
                  for Embedded System Design}},
  booktitle =	 {IESS '09},
  pages =	 {259-270},
  year =	 {2009},
  address =	 {Langenargen, Germany},
}

@inproceedings{Marcondes:2009:2,
  author =	 {Hugo Marcondes and Rafael Cancian and Marcelo Stemmer
                  and Ant\^{o}nio Augusto Fr\"{o}hlich},
  title =	 {{On the Design of Flexible Real-Time Schedulers for
                  Embedded Systems}},
  booktitle =	 {Proceedings of the 2009 International Conference on
                  Computational Science and Engineering - Volume 02},
  series =	 {CSE '09},
  year =	 {2009},
  isbn =	 {978-0-7695-3823-5},
  pages =	 {382--387},
  numpages =	 {6},
  doi =		 {http://dx.doi.org/10.1109/CSE.2009.407},
  acmid =	 {1633433},
  publisher =	 {IEEE Computer Society},
  address =	 {Washington, DC, USA},
  keywords =	 {real-time, scheduler, embedded systems},
}

@inproceedings{Mooney:2000,
  Author =	 {V. Mooney and G. De Micheli},
  Booktitle =	 {Proceedings of Design Automation of Embedded Systems},
  Pages =	 {89-144},
  Title =	 {Hardware/Software Codesign of Run-time Schedulers for
                  Real-Time Systems},
  Year =	 {2000}
}

@inproceedings{Panda:2001,
  author =	 {Preeti Ranjan Panda},
  title =	 {{SystemC: a modeling platform supporting multiple
                  design abstractions}},
  booktitle =	 {Proceedings of the 14th international symposium on
                  Systems synthesis},
  series =	 {ISSS '01},
  year =	 {2001},
  isbn =	 {1-58113-418-5},
  location =	 {Montreal, P.Q., Canada},
  pages =	 {75--80},
  numpages =	 {6},
  doi =		 {http://doi.acm.org/10.1145/500001.500018},
  acmid =	 {500018},
  publisher =	 {ACM},
  address =	 {New York, NY, USA},
  keywords =	 {C/C++ based design, SystemC, hardware description
                  language, system level design},
}

@InProceedings{Pizani:ICECS:2011,
  author =	 {Jo\~{a}o Paulo Pizani Flor and Tiago Rog\'{e}rio M\"{u}ck and
                  Ant\^{o}nio Augusto Fr\"{o}hlich},
  title =	 {High-level Design and Synthesis of a Resource
                  Scheduler},
  booktitle =	 {18th IEEE International Conference on Electronics,
                  Circuits, and Systems},
  year =	 {2011},
  address =	 {Beirut, Lebanon},
  month =	 {dec}
}

@INPROCEEDINGS{Rafla:2011,
  author =	 {Rafla, N.I. and Gauba, D.},
  booktitle =	 {Circuits and Systems (MWSCAS), 2011 IEEE 54th
                  International Midwest Symposium on},
  title =	 {Hardware implementation of context switching for hard
                  real-time operating systems},
  year =	 {2011},
  month =	 {aug},
  volume =	 {},
  number =	 {},
  pages =	 {1 -4},
  keywords =	 {RTOS;context switching;embedded real-time
                  applications;hardware
                  implementation;multithreading;processor clock
                  cycles;processor hardware;processor
                  resources;real-time operating systems;scheduling
                  algorithms;embedded systems;multi-threading;operating
                  systems (computers);processor scheduling;},
  doi =		 {10.1109/MWSCAS.2011.6026348},
  ISSN =	 {1548-3746}
}

@inproceedings{Scheler:2009,
  author =	 {Scheler, Fabian and Hofer, Wanja and Oechslein,
                  Benjamin and Pfister, Rudi and
                  Schr\"{o}der-Preikschat, Wolfgang and Lohmann, Daniel},
  title =	 {Parallel, hardware-supported interrupt handling in an
                  event-triggered real-time operating system},
  booktitle =	 {Proceedings of the 2009 international conference on
                  Compilers, architecture, and synthesis for embedded
                  systems},
  series =	 {CASES '09},
  year =	 {2009},
  isbn =	 {978-1-60558-626-7},
  location =	 {Grenoble, France},
  pages =	 {167--174},
  numpages =	 {8},
  url =		 {http://doi.acm.org/10.1145/1629395.1629419},
  doi =		 {http://doi.acm.org/10.1145/1629395.1629419},
  acmid =	 {1629419},
  publisher =	 {ACM},
  address =	 {New York, NY, USA},
  keywords =	 {ciao, interrupt handling, priority-driven,
                  rate-monotonic priority inversion, real-time systems,
                  tricore},
}

@inproceedings{Shalan:2000,
  Author =	 {M. Shalan and V. Mooney},
  Booktitle =	 {Proceedings of International Conference on Compilers,
                  Architecture and Synthesis for Embedded Systems},
  Pages =	 {180-186},
  Title =	 {A Dynamic Memory Management Unit for Embedded
                  Real-Time System-on-a-Chip},
  Year =	 {2000}
}

@article{So:2008,
  author =	 {So, Hayden Kwok-Hay and Brodersen, Robert},
  title =	 {A unified hardware/software runtime environment for
                  FPGA-based reconfigurable computers using BORPH},
  journal =	 {ACM Trans. Embed. Comput. Syst.},
  volume =	 {7},
  issue =	 {2},
  month =	 {January},
  year =	 {2008},
  issn =	 {1539-9087},
  pages =	 {14:1--14:28},
  articleno =	 {14},
  numpages =	 {28},
  url =		 {http://doi.acm.org/10.1145/1331331.1331338},
  doi =		 {http://doi.acm.org/10.1145/1331331.1331338},
  acmid =	 {1331338},
  publisher =	 {ACM},
  address =	 {New York, NY, USA},
  keywords =	 {BORPH, FPGA, hardware process, reconfigurable
                  computers},
}

@inproceedings{Spinczyk:2002,
  author =	 {Olaf Spinczyk and Andreas Gal and Wolfgang
                  Schr\"{o}der-Preikschat},
  title =	 {{AspectC++: an aspect-oriented extension to the C++
                  programming language}},
  booktitle =	 {Proceedings of the Fortieth International Conference
                  on Tools Pacific: Objects for internet, mobile and
                  embedded applications},
  series =	 {CRPIT '02},
  year =	 {2002},
  isbn =	 {0-909925-88-7},
  location =	 {Sydney, Australia},
  pages =	 {53--60},
  numpages =	 {8},
  acmid =	 {564100},
  publisher =	 {Australian Computer Society, Inc.},
  address =	 {Darlinghurst, Australia, Australia},
  keywords =	 {C++, aspect-oriented programming},
}

@Manual{VHDL:2000,
  title =	 {Std 1076-2000: IEEE Standard VHDL Language Reference
                  Manual},
  author =	 {IEEE},
  year =	 {2000},
}

@inproceedings{Vachharajani:2004,
  author =	 {Manish Vachharajani and Neil Vachharajani and David
                  I. August},
  title =	 {{The liberty structural specification language: a
                  high-level modeling language for component reuse}},
  booktitle =	 {Proceedings of the ACM SIGPLAN 2004 conference on
                  Programming language design and implementation},
  series =	 {PLDI '04},
  year =	 {2004},
  isbn =	 {1-58113-807-5},
  location =	 {Washington DC, USA},
  pages =	 {195--206},
  numpages =	 {12},
  doi =		 {http://doi.acm.org/10.1145/996841.996865},
  acmid =	 {996865},
  publisher =	 {ACM},
  address =	 {New York, NY, USA},
  keywords =	 {Liberty Simulation Environment (LSE), Liberty
                  Structural Specification (LSS), component reuse,
                  simulator construction, structural modeling, type
                  inference, use-based specialization},
}

@inproceedings{Vax:2007,
  author =	 {Matan Vax},
  title =	 {{Conservative aspect-orientated programming with the e
                  language}},
  booktitle =	 {Proceedings of the 6th international conference on
                  Aspect-oriented software development},
  series =	 {AOSD '07},
  year =	 {2007},
  isbn =	 {1-59593-615-7},
  location =	 {Vancouver, British Columbia, Canada},
  pages =	 {149--160},
  numpages =	 {12},
  doi =		 {http://doi.acm.org/10.1145/1218563.1218581},
  acmid =	 {1218581},
  publisher =	 {ACM},
  address =	 {New York, NY, USA},
  keywords =	 {aspects, class extension, functional verification,
                  modules},
}

@Manual{Verilog:2001,
  title =	 {Std 1364-2001: IEEE Standard Verilog Hardware
                  Description Language},
  author =	 {IEEE},
  year =	 {2001},
}

@article{Williams:1983,
  title =	 {{Design for testability--A survey}},
  author =	 {Williams, T.W. and Parker, K.P.},
  journal =	 {Proceedings of the IEEE},
  volume =	 {71},
  number =	 {1},
  pages =	 {98--112},
  year =	 {1983},
  publisher =	 {IEEE}
}

