@Manual{OpenRISC1200:2001,
  title = 	 {OpenRISC 1200 IP Core Specification},
  author = 	 {Damjan Lampret},
  organization = {OpenCores},
  edition = 	 {0.6},
  month = 	 {jun},
  year = 	 {2001}
}

@TechReport{Hoeller:2004,
  author = 	 {Arliones Stevert Hoeller Junior},
  title = 	 {Famílias de Abstrações de Gerência de Memória para o EPOS},
  institution =  {Universidade Federal de Santa Catarina},
  year = 	 {2004},
  type = 	 {B.Sc. Thesis},
  month = 	 {feb}
}

