@BOOK{Froehlich:2001,
  AUTHOR = {Ant{\^{o}}nio Augusto Fr{\"{o}}hlich},
  TITLE = {Application-Oriented Operating Systems},
  PUBLISHER = {GMD - Forschungszentrum Informationstechnik},
  YEAR = 2001,
  NUMBER = 17,
  SERIES = {GMD Research Series},
  ADDRESS = {Sankt Augustin},
  MONTH = AUG
}

@book{marwedel2003embedded,
  title={{Embedded system design}},
  author={Marwedel, P.},
  year={2003},
  publisher={Springer Netherlands}
}

@conference{warren2006automated,
  title={{An automated formal approach to managing dynamic reconfiguration}},
  author={Warren, I. and Sun, J. and Krishnamohan, S. and Weerasinghe, T.},
  booktitle={21st IEEE/ACM International Conference on Automated Software Engineering, 2006. ASE06},
  pages={37--46},
  year={2006}
}

@article{felser2007dynamic,
  title={{Dynamic software update of resource-constrained distributed embedded systems}},
  author={Felser, M. and Kapitza, R. and Klein{\"o}der, J. and Schr{\"o}der-Preikschat, W.},
  journal={Embedded System Design: Topics, Techniques and Trends},
  pages={387--400},
  year={2007},
  publisher={Springer}
}

@article{marron2006flexcup,
  title={{Flexcup: A flexible and efficient code update mechanism for sensor networks}},
  author={Marr{\'o}n, P. and Gauger, M. and Lachenmann, A. and Minder, D. and Saukh, O. and Rothermel, K.},
  journal={Wireless Sensor Networks},
  pages={212--227},
  year={2006},
  publisher={Springer}
}

@conference{reijers2003efficient,
  title={{Efficient code distribution in wireless sensor networks}},
  author={Reijers, N. and Langendoen, K.},
  booktitle={Proceedings of the 2nd ACM international conference on Wireless sensor networks and applications},
  pages={60--67},
  year={2003},
  organization={ACM}
}

@article{yi2008molecule,
  title={{Molecule: An adaptive dynamic reconfiguration scheme for sensor operating systems}},
  author={Yi, S. and Min, H. and Cho, Y. and Hong, J.},
  journal={Computer Communications},
  volume={31},
  number={4},
  pages={699--707},
  year={2008},
  publisher={Elsevier}
}

@article{boulis2007sensorware,
  title={{Sensorware: Programming sensor networks beyond code update and querying}},
  author={Boulis, A. and Han, C.C. and Shea, R. and Srivastava, M.B.},
  journal={Pervasive and Mobile Computing},
  volume={3},
  number={4},
  pages={386--412},
  year={2007},
  publisher={Elsevier}
}

@conference{levis2005active,
  title={{Active sensor networks}},
  author={Levis, P. and Gay, D. and Culler, D.},
  booktitle={Proceedings of the 2nd conference on Symposium on Networked Systems Design \& Implementation-Volume 2},
  pages={356},
  year={2005},
  organization={USENIX Association}
}

@article{levis2002mate,
  title={{Mate: A tiny virtual machine for sensor networks}},
  author={Levis, P. and Culler, D.},
  journal={ACM SIGARCH Computer Architecture News},
  volume={30},
  number={5},
  pages={95},
  year={2002},
  publisher={ACM}
}

@conference{koshy2005vmstar,
  title={{VMSTAR: synthesizing scalable runtime environments for sensor networks}},
  author={Koshy, J. and Pandey, R.},
  booktitlecha2007retos={Proceedings of the 3rd international conference on Embedded networked sensor systems},
  pages={254},
  year={2005},
  organization={ACM}
}

@conference{xie2006tapper,
  title={{Tapper: a lightweight scripting engine for highly constrained wireless sensor nodes}},
  author={Xie, Q. and Liu, J. and Chou, P.H.},
  booktitle={The Fifth International Conference on Information Processing in Sensor Networks, 2006. IPSN 2006},
  pages={342--349},
  year={2006}
}

@conference{cha2007retos,
  title={{RETOS: resilient, expandable, and threaded operating system for wireless sensor networks}},
  author={Cha, H. and Choi, S. and Jung, I. and Kim, H. and Shin, H. and Yoo, J. and Yoon, C.},
  booktitle={Proceedings of the 6th international conference on Information processing in sensor networks},
  pages={157},
  year={2007},
  organization={ACM}
}

@article{dunkels2004contiki,
  title={{Contiki-a lightweight and flexible operating system for tiny networked sensors}},
  author={Dunkels, A. and others},
  year={2004},
  publisher={Published by the IEEE Computer Society}
}

@conference{han2005dynamic,
  title={{A dynamic operating system for sensor nodes}},
  author={Han, C.C. and Kumar, R. and Shea, R. and Kohler, E. and Srivastava, M.},
  booktitle={Proceedings of the 3rd international conference on Mobile systems, applications, and services},
  pages={163--176},
  year={2005},
  organization={ACM}
}

@conference{balani2006dvm,
  title={{Multi-level software reconfiguration for sensor networks}},
  author={Balani, R. and Han, C.C. and Rengaswamy, R.K. and Tsigkogiannis, I. and Srivastava, M.},
  booktitle={Proceedings of the 6th ACM \& IEEE International conference on Embedded software},
  pages={121},
  year={2006},
  organization={ACM}
}

@conference{marron2005tinycubus,
  title={{TinyCubus: a flexible and adaptive framework sensor networks}},
  author={Marr{\'o}n, P.J. and Lachenmann, A. and Minder, D. and Hahner, J. and Sauter, R. and Rothermel, K.},
  booktitle={Proceedings of the 2nd European Workshop on Wireless Sensor Networks},
  pages={278--289},
  year={2005}
}


@conference{koshy2005remote,
  title={{Remote incremental linking for energy-efficient reprogramming of sensor networks}},
  author={Koshy, J. and Pandey, R.},
  booktitle={European Workshop on Wireless Sensor Networks},
  pages={354--365},
  year={2005},
  organization={Citeseer}
}

@article{hill2000tinyos,
 author = {Hill, Jason and Szewczyk, Robert and Woo, Alec and Hollar, Seth and Culler, David and Pister, Kristofer},
 title = {System architecture directions for networked sensors},
 journal = {SIGPLAN Not.},
 volume = {35},
 number = {11},
 year = {2000},
 issn = {0362-1340},
 pages = {93--104},
 doi = {http://doi.acm.org/10.1145/356989.356998},
 publisher = {ACM},
 address = {New York, NY, USA},
 }
 
 @conference{fassino2002think,
  title={{Think: A software framework for component-based operating system kernels}},
  author={Fassino, J.P. and Stefani, J.B. and Lawall, J.L. and Muller, G.},
  booktitle={USENIX Annual Technical Conference, General Track},
  pages={73--86},
  year={2002}
}

@conference{coupaye2006fractal,
  title={{Fractal component-based software engineering}},
  author={Coupaye, T. and Stefani, J.B.},
  booktitle={Proceedings of the 2006 conference on Object-oriented technology: ECOOP 2006 workshop reader},
  pages={117--129},
  year={2006},
  organization={Springer-Verlag}
}

@conference{williams2004embedded,
  title={{Embedded Linux as a platform for dynamically self-reconfiguring systems-on-chip}},
  author={Williams, J. and Bergmann, N.},
  booktitle={Proc. Int. Conf. on Engineering of Reconfigurable Systems and Algorithms},
  year={2004},
  organization={Citeseer}
}

@conference{kyle2007uclinux,
  title={{UClinux: a linux security module for trusted-computing-based usage controls enforcement}},
  author={Kyle, D. and Brustoloni, J.C.},
  booktitle={Proceedings of the 2007 ACM workshop on Scalable trusted computing},
  pages={70},
  year={2007},
  organization={ACM}
}

@article{gracioli2009elus,
  title={{ELUS: a Dynamic Software Reconfiguration Infrastructure for Embedded Systems}},
  author={Gracioli, G. and Fr{\"o}hlich, A.A.},
  year={2009}
}

@article{frohlich2002epos,
  title={{EPOS: Embedded Parallel Operating System}},
  author={Fr{\"o}hlich, A.A.},
  year={2002},
  publisher={Citeseer}
}

@article{polakovic2008architecting,
  title={{Architecting reconfigurable component-based operating systems}},
  author={Polakovic, J. and Stefani, J.B.},
  journal={Journal of Systems Architecture},
  volume={54},
  number={6},
  pages={562--575},
  year={2008},
  publisher={Elsevier}
}

@conference{gracioli2010elus,
  title={{ELUS: A dynamic software reconfiguration infrastructure for embedded systems}},
  author={Gracioli, G. and Fr{\"o}hlich, A.A.},
  booktitle={Telecommunications (ICT), 2010 IEEE 17th International Conference on},
  pages={981--988},
  year={2010},
  organization={IEEE}
}

@inproceedings{hu2009rmtd,
  title={Reprogramming with Minimal Transferred Data on Wireless Sensor Network},
  author={Hu, J. and Xue, C.J. and He, Y. and Sha, E.H.M.},
  booktitle={Mobile Adhoc and Sensor Systems, 2009. MASS'09. IEEE 6th International Conference on},
  pages={160--167},
  year={2009},
  organization={IEEE}
}

@article{bhatti2005mantis,
  title={MANTIS OS: An embedded multithreaded operating system for wireless micro sensor platforms},
  author={Bhatti, S. and Carlson, J. and Dai, H. and Deng, J. and Rose, J. and Sheth, A. and Shucker, B. and Gruenwald, C. and Torgerson, A. and Han, R.},
  journal={Mobile Networks and Applications},
  volume={10},
  number={4},
  pages={563--579},
  year={2005},
  publisher={Kluwer Academic Publishers}
}


@book{cpp97Stroustrup,
  author = {Bjarne Stroustrup},
  title = {C++ Programming Language, The (3rd Edition)},
  publisher = {Addison-Wesley Professional},
  year = {1997},
  ISBN = {02013
27554}
}
