@InProceedings{Baum:1999,
  author    = {Lothar Baum},
  title     = "{Towards Generating Customized Run-time Platforms 
               from Generic Components}",
  booktitle = {Proceedings of the 11th Conference on Advanced 
               Systems Engineering},
  address   = {Heidelberg, Germany},
  month     = {June},
  year      = {1999},
}

    
@Book{Bach:1987,
  author    = {Maurice J. Bach},
  title     = "{The Design of the UNIX Operating System}",
  publisher = {Prentice-Hall},
  year      = {1987},
}


@InProceedings{Beuche:1999,
  author    = {Danilo Beuche and Abdelaziz Guerrouat and 
               Holger Papajewski and Wolfgang Schr\"oder-Preikschat 
               and Olaf Spinczyk and Ute Spinczyk},
  title     = "{The PURE Family of Object-Oriented Operating Systems 
               for Deeply Embedded Systems}",
  booktitle = {Proceedings of the 2nd IEEE International Symposium on 
               Object-Oriented Real-Time Distributed Computing},
  year      = {1999},
  isbn      = {0-7695-0207-5},
  pages     = {45},
  publisher = {IEEE Computer Society},
}


@Article{Case:1978,
  author    = {Richard P. Case and Andris Padegs},
  title     = "{Architecture of the IBM system/370}",
  journal   = {Commun. ACM},
  volume    = {21},
  number    = {1},
  year      = {1978},
  issn      = {0001-0782},
  pages     = {73--96},
  doi       = {http://doi.acm.org/10.1145/359327.359337},
  publisher = {ACM Press},
}


@InProceedings{Engler:1995,
  author    = {D. R. Engler and M. F. Kaashoek and J. {O'Toole, Jr.}},
  title     = "{Exokernel: An Operating System Architecture for 
               Application-level Resource Management}",
  booktitle = {Proceedings of the fifteenth ACM 
               symposium on Operating systems principles},
  year      = {1995},
  isbn      = {0-89791-715-4},
  pages     = {251--266},
  location  = {Copper Mountain, Colorado, United States},
  doi       = {http://doi.acm.org/10.1145/224056.224076},
  publisher = {ACM Press},
}


@InProceedings{Engel:2004,
  author    = {Frank Engel and Gernot Heiser and Ihor Kuz and Stefan Petters and Sergio Ruocco},  
  title     = "{Operating systems on SoCs: A Good Idea?}",
  booktitle = "{Embedded Real-Time Systems Implementation (ERTSI 2004) Workshop}",
  year      = {2004},
  month     = {December}
}


@InProceedings{Ford:1997,
  author    = {Bryan Ford and Godmar Back and Greg Benson and 
               Jay Lepreau and Albert Lin and Olin Shivers},
  title     = "{The Flux OSKit: A Substrate for Kernel and Language Research}",
  booktitle = {Proceedings of the sixteenth ACM symposium on Operating systems principles},
  year      = {1997},
  isbn      = {0-89791-916-5},
  pages     = {38--51},
  location  = {Saint Malo, France},
  doi       = {http://doi.acm.org/10.1145/268998.266642},
  publisher = {ACM Press},
}


@Article{Habermann:1976,
  author    = {A. N. Habermann and Lawrence Flon and Lee Cooprider},
  title     = "{Modularization and Hierarchy in a Family of Operating Systems}",
  journal   = {Commun. ACM},
  volume    = {19},
  number    = {5},
  year      = {1976},
  issn      = {0001-0782},
  pages     = {266--272},
  doi       = {http://doi.acm.org/10.1145/360051.360076},
  publisher = {ACM Press},
}


@inproceedings{Hidaka:1993,
  author    = {Yasuo Hidaka and Hanpei Koike and Hidehiko Tanaka},
  title     = "{Multiple Threads in Cyclic Register Windows}",
  booktitle = {ISCA},
  year      = {1993},
  pages     = {131-142},
  bibsource = {DBLP, http://dblp.uni-trier.de}
}


@TechReport{Hoeller:2004,
  author      = {Arliones Stevert Hoeller},
  title       = "{Family of Abstractions of the EPOS Memory Manager}",
  institution = {Federal University of Santa Catarina},
  year        = {2004},
  type        = {B.Sc. Thesis},
  month       = {Feb.}
}


@article{Jespersen:1995,
  author      = {Hal Jespersen},
  title       = "{POSIX Retrospective}",
  journal     = {StandardView},
  volume      = {3},
  number      = {1},
  year        = {1995},
  issn        = {1067-9936},
  pages       = {2--10},
  doi         = {http://doi.acm.org/10.1145/210308.210313},
  publisher   = {ACM Press},
  address     = {New York, NY, USA},
}


@InProceedings{Kaashoek:1997,
  author    = {M. Frans Kaashoek and Dawson R. Engler and Gregory R. Ganger 
              and H\'ector M. Briceno and Russell Hunt and 
              David Mazi\`eres and Thomas Pinckney and Robert Grimm 
              and John Jannotti and Kenneth Mackenzie},
  title     = "{Application Performance and Flexibility on Exokernel Systems}",
  booktitle = {Proceedings of the sixteenth ACM symposium on 
               Operating systems principles},
  year      = {1997},
  isbn      = {0-89791-916-5},
  pages     = {52--65},
  location  = {Saint Malo, France},
  doi       = {http://doi.acm.org/10.1145/268998.266644},
  publisher = {ACM Press},
}


@TechReport{Madany:1996,
  author      = {Peter W. Madanty},
  title       = "{JavaOS: A Standalone Java Environment}",
  institution = {Sun Microsystems White Paper},
  year        = {1996},
  month       = {May},
}


@Book{Massa:2002,
  author      = {Anthony Massa},
  title       = "{Embedded Software Development with eCos}",
  publisher   = {Prentice Hall PTR},
  edition     = {1},
  year        = {2002},
}


@Article{Miller:1978,
  author      = {Richard Miller},
  title       = "{UNIX: A portable operating system?}",
  journal     = {SIGOPS Oper. Syst. Rev.},
  volume      = {12},
  number      = {3},
  year        = {1978},
  issn        = {0163-5980},
  pages       = {32--37},
  doi         = {http://doi.acm.org/10.1145/775396.775400},
  publisher   = {ACM Press},
}


@InProceedings{Reid:2000,
  author      = {Alastair Reid and Matthew Flatt and Leigh Stoller and
                 Jay Lepreau and Eric Eide},
  title       = "{Knit: Component Composition for Systems Software}",
  booktitle   = {Proceedings of the Fourth Symposium on Operating
                 Systems Design and Implementation},
  pages       = {347--360},
  year        = {2000},
  address     = {San Diego, U.S.A.},
  month       = {Oct.},
}


@InProceedings{Schoen:1998, 
  author      = {Friedrich Schoen and Wolfgang Schroder-Preikschat and      
                 Olaf Spinczyk and Ute Spinczyk},
  title       = "{Design Rationale of the PURE Object-Oriented Embedded
                 Operating System}",
  booktitle   = {Proceedings of the International IFIP WG 10.3/WG 10.5
                 Workshop on Distributed and Parallel Embedded Systems},
  address     = {Paderborn, Germany},
  month       = {Oct.},
  year        = {1998},
} 


@Article{Tennenhouse:2000,
  author      = {David Tennenhouse},
  title       = "{Proactive Computing}",
  journal     = {Communications of the ACM}, 
  volume      = {43},
  number      = {5},
  pages       = {43--50},
  month       = {May},
  year        = {2000},
}


@Article{Thompson:1974,
  author      = {Dennis M. Ritchie and Ken Thompson},
  title       = "{The UNIX time-sharing system}",
  journal     = {Commun. ACM},
  volume      = {17},
  number      = {7},
  year        = {1974},
  issn        = {0001-0782},
  pages       = {365--375},
  doi         = {http://doi.acm.org/10.1145/361011.361061},
  publisher   = {ACM Press},
}


@Book{Wirth:1992,
  author      = {Niklaus Wirth and Jurg Gutknecht},
  title       = "{Project Oberon - The Design of an Operating System 
                 and Compiler}",
  publisher   = {Addison-Wesley},
  address     = {Reading, U.S.A.}, 
  year        = {1992},
} 

