/Users/celo/Library/texmf/tex/latex/texmf/bibtex/bib/abntex/abnt-options.bib