@article{bessani2009efficient,
  title={An Efficient Byzantine-Resilient Tuple Space},
  author={Bessani, A.N. and Correia, M. and da Silva Fraga, J. and Lung, L.C.},
  journal={Computers, IEEE Transactions on},
  volume={58},
  number={8},
  pages={1080--1094},
  year={2009},
  publisher={IEEE}
}

@inproceedings{bessani2008depspace,
  title={DepSpace: a Byzantine fault-tolerant coordination service},
  author={Bessani, A.N. and Alchieri, E.P. and Correia, M. and Fraga, J.S.},
  booktitle={ACM SIGOPS Operating Systems Review},
  volume={42},
  pages={163
  --176},
  year={2008},
  organization={ACM}
}

@article{veronese2011efficient,
  title={Efficient Byzantine Fault Tolerance},
  author={Veronese, G. and Correia, M. and Bessani, A. and Lung, L. and Verissimo, P.},
  journal={Computers, IEEE Transactions on},
  pages={1--1},
  year={2011},
  publisher={IEEE}
}

@inproceedings{garcia2011efficient,
  title={Efficient middleware for byzantine fault tolerant database replication},
  author={Garcia, R. and Rodrigues, R. and Pregui{\c{c}}a, N.},
  booktitle={Proceedings of the sixth conference on Computer systems},
  pages={107--122},
  year={2011},
  organization={ACM}
}

@article{luiz2008repeats,
  title={REPEATS-Uma Arquitetura para Replica{\c{c}} ao Tolerante a Faltas Bizantinas baseada em Espa{\c{c}}o de Tuplas},
  author={Luiz, A.F. and Bessani, A.N. and Lung, L.C. and Filgueiras, T.},
  journal={Anais do XXVI Simp{\'o}sio Brasileiro de Redes de Computadores e Sistemas Distribu{\i}dos. SBC},
  year={2008}
}

@article{bessani2009sharing,
  title={Sharing memory between Byzantine processes using policy-enforced tuple spaces},
  author={Bessani, A.N. and Correia, M. and da Silva Fraga, J. and Lung, L.C.},
  journal={Parallel and Distributed Systems, IEEE Transactions on},
  volume={20},
  number={3},
  pages={419--432},
  year={2009},
  publisher={IEEE}
}

@inproceedings{clement2009making,
  title={Making Byzantine fault tolerant systems tolerate Byzantine faults},
  author={Clement, A. and Wong, E. and Alvisi, L. and Dahlin, M. and Marchetti, M.},
  booktitle={Proceedings of the 6th USENIX symposium on Networked systems design and implementation},
  pages={153--168},
  year={2009},
  organization={USENIX Association}
}

@article{mockapetris1987domain,
  title={Domain names-concepts and facilities},
  author={Mockapetris, P.V.},
  year={1987}
}

@misc{fielding1999hypertext,
  title={Hypertext transfer protocol--HTTP/1.1},
  author={Fielding, R. and Gettys, J. and Mogul, J. and Frystyk, H. and Masinter, L. and Leach, P. and Berners-Lee, T.},
  year={1999},
  publisher={RFC 2616, June}
}

@inproceedings{clement2009upright,
  title={UpRight cluster services},
  author={Clement, A. and Kapritsos, M. and Lee, S. and Wang, Y. and Alvisi, L. and Dahlin, M. and Riche, T.},
  booktitle={Proceedings of the ACM SIGOPS 22nd symposium on Operating systems principles},
  pages={277--290},
  year={2009},
  organization={ACM}
}

@inproceedings{ferraz2004intrusiontolerant,
  title={An intrusiontolerant web server based on the DISTRACT architecture},
  author={Ferraz, R. and Gon{\c{c}}alves, B. and Sequeira, J. and Correia, M. and Neves, N.F. and Ver{\'\i}ssimo, P.},
  booktitle={In Proceedings of the Workshop on Dependable Distributed Data Management},
  year={2004},
  organization={Citeseer}
}

@article{kowalski2010emulating,
  title={Emulating shared-memory Do-All algorithms in asynchronous message-passing systems},
  author={Kowalski, D.R. and Momenzadeh, M. and Shvartsman, A.A.},
  journal={Journal of Parallel and Distributed Computing},
  volume={70},
  number={6},
  pages={699--705},
  year={2010},
  publisher={Elsevier}
}

@book{attiya2004distributed,
  title={Distributed computing: fundamentals, simulations, and advanced topics},
  author={Attiya, H. and Welch, J.},
  volume={19},
  year={2004},
  publisher={Wiley-Interscience}
}

@book{nancy1996distributed,
  title={Distributed algorithms},
  author={Nancy Ann Lynch},
  year={1996},
  publisher={Morgan Kaufmann}
}

@article{chandy1985distributed,
  title={Distributed snapshots: determining global states of distributed systems},
  author={Chandy, K.M. and Lamport, L.},
  journal={ACM Transactions on Computer Systems (TOCS)},
  volume={3},
  number={1},
  pages={63--75},
  year={1985},
  publisher={ACM}
}

@article{hadzilacos1994modular,
  title={A modular approach to the specification and implementation of fault-tolerant broadcasts},
  author={Hadzilacos, V. and Toueg, S.},
  journal={Dep. of Computer Science, Cornell Univ., New York, USA, Tech. Rep},
  pages={94--1425},
  year={1994}
}

@article{dolev1983authenticated,
  title={Authenticated algorithms for Byzantine agreement},
  author={Dolev, D. and Strong, H.R.},
  journal={SIAM J. Comput.},
  volume={12},
  number={4},
  pages={656--666},
  year={1983}
}

@article{mills1995improved,
  title={Improved algorithms for synchronizing computer network clocks},
  author={Mills, D.L.},
  journal={Networking, IEEE/ACM Transactions on},
  volume={3},
  number={3},
  pages={245--254},
  year={1995},
  publisher={IEEE}
}

@article{gusella1989accuracy,
  title={The accuracy of the clock synchronization achieved by TEMPO in Berkeley UNIX 4.3 BSD},
  author={Gusella, R. and Zatti, S.},
  journal={Software Engineering, IEEE Transactions on},
  volume={15},
  number={7},
  pages={847--853},
  year={1989},
  publisher={IEEE}
}

@article{cristian1989probabilistic,
  title={Probabilistic clock synchronization},
  author={Cristian, F.},
  journal={Distributed computing},
  volume={3},
  number={3},
  pages={146--158},
  year={1989},
  publisher={Springer}
}

@article{cristian1995atomic,
  title={Atomic broadcast: From simple message diffusion to Byzantine agreement},
  author={Cristian, F. and Aghili, H. and Strong, R. and Dolev, D.},
  journal={Information and Computation},
  volume={118},
  number={1},
  pages={158},
  year={1995},
  publisher={Citeseer}
}

@article{lamport1982byzantine,
  title={The Byzantine generals problem},
  author={Lamport, L. and Shostak, R. and Pease, M.},
  journal={ACM Transactions on Programming Languages and Systems (TOPLAS)},
  volume={4},
  number={3},
  pages={382--401},
  year={1982},
  publisher={ACM}
}

@book{tanenbaum1992modern,
  title={Modern operating systems},
  author={Tanenbaum, A.S.},
  volume={2},
  year={1992},
  publisher={Prentice Hall New Jersey}
}

@book{coulouris2005distributed,
  title={Distributed systems: concepts and design},
  author={Coulouris, G.F. and Dollimore, J. and Kindberg, T.},
  year={2005},
  publisher={Addison-Wesley Longman}
}

@inproceedings{cully2008remus,
  title={Remus: High availability via asynchronous virtual machine replication},
  author={Cully, B. and Lefebvre, G. and Meyer, D. and Feeley, M. and Hutchinson, N. and Warfield, A.},
  booktitle={Proceedings of the 5th USENIX Symposium on Networked Systems Design and Implementation},
  pages={161--174},
  year={2008}
}

@book{guerraoui2006introduction,
  title={Introduction to reliable distributed programming},
  author={Guerraoui, R. and Rodrigues, L.},
  year={2006},
  publisher={Springer-Verlag New York Inc}
}

@article{martin2006fast,
  title={Fast byzantine consensus},
  author={Martin, J.P. and Alvisi, L.},
  journal={Dependable and Secure Computing, IEEE Transactions on},
  volume={3},
  number={3},
  pages={202--215},
  year={2006},
  publisher={IEEE}
}

@inproceedings{amir2006scaling,
  title={Scaling Byzantine Fault-Tolerant Replication to Wide Area Networks},
  author={Amir, Y. and Danilov, C. and Dolev, D. and Kirsch, J. and Lane, J. and Nita-Rotaru, C. and Olsen, J. and Zage, D.},
  booktitle={Dependable Systems and Networks, 2006. DSN 2006. International Conference on},
  pages={105--114},
  year={2006},
  organization={IEEE}
}

@inproceedings{charron2002broadcasting,
  title={Broadcasting messages in fault-tolerant distributed systems: the benefit of handling input-triggered and output-triggered suspicions differently},
  author={Charron-Bost, B. and D{\'e}fago, X. and Schiper, A.},
  booktitle={Reliable Distributed Systems, 2002. Proceedings. 21st IEEE Symposium on},
  pages={244--249},
  year={2002},
  organization={IEEE}
}

@article{basu1996simulating,
  title={Simulating reliable links with unreliable links in the presence of process crashes},
  author={Basu, A. and Charron-Bost, B. and Toueg, S.},
  journal={Distributed algorithms},
  pages={105--122},
  year={1996},
  publisher={Springer}
}

@inproceedings{li2010survey,
  title={A survey of virtual machine system: Current technology and future trends},
  author={Li, Y. and Li, W. and Jiang, C.},
  booktitle={Electronic Commerce and Security (ISECS), 2010 Third International Symposium on},
  pages={332--336},
  year={2010},
  organization={IEEE}
}

@article{defago2004total,
  title={Total order broadcast and multicast algorithms: Taxonomy and survey},
  author={D{\'e}fago, X. and Schiper, A. and Urb{\'a}n, P.},
  journal={ACM Computing Surveys (CSUR)},
  volume={36},
  number={4},
  pages={372--421},
  year={2004},
  publisher={ACM}
}

@article{defago2003total,
  title={Total order broadcast and multicast algorithms: Taxonomy and survey},
  author={D{\'e}fago, X. and Schiper, A. and Urb{\'a}n, P.},
  year={2003},
  publisher={????????????????????}
}

@article{correia2005low,
  title={Low complexity Byzantine-resilient consensus},
  author={Correia, M. and Neves, N.F. and Lung, L.C. and Ver{\'\i}ssimo, P.},
  journal={Distributed Computing},
  volume={17},
  number={3},
  pages={237--249},
  year={2005},
  publisher={Springer}
}

@article{baldoni2003consensus,
  title={Consensus in Byzantine asynchronous systems},
  author={Baldoni, R. and H{\'e}lary, J.M. and Raynal, M. and Tangui, L.},
  journal={Journal of Discrete Algorithms},
  volume={1},
  number={2},
  pages={185--210},
  year={2003},
  publisher={Elsevier}
}

@inproceedings{correia2002efficient,
  title={Efficient Byzantine-resilient reliable multicast on a hybrid failure model},
  author={Correia, M. and Lung, L.C. and Neves, N.F. and Ver{\'\i}ssimo, P.},
  booktitle={Reliable Distributed Systems, 2002. Proceedings. 21st IEEE Symposium on},
  pages={2--11},
  year={2002},
  organization={IEEE}
}

@article{zhou2002coca,
  title={COCA: A secure distributed online certification authority},
  author={Zhou, L. and Schneider, F.B. and Van Renesse, R.},
  journal={ACM Transactions on Computer Systems (TOCS)},
  volume={20},
  number={4},
  pages={329--368},
  year={2002},
  publisher={ACM}
}
@article{avizienis2004basic,
  title={Basic concepts and taxonomy of dependable and secure computing},
  author={Avizienis, A. and Laprie, J.C. and Randell, B. and Landwehr, C.},
  journal={Dependable and Secure Computing, IEEE Transactions on},
  volume={1},
  number={1},
  pages={11--33},
  year={2004},
  publisher={IEEE}
}

@article{pease1980reaching,
  title={Reaching agreement in the presence of faults},
  author={Pease, M. and Shostak, R. and Lamport, L.},
  journal={Journal of the ACM},
  volume={27},
  number={2},
  pages={228--234},
  year={1980}
}

@article{lamport2001paxos,
  title={Paxos made simple},
  author={Lamport, L.},
  journal={ACM SIGACT News},
  volume={32},
  number={4},
  pages={18--25},
  year={2001}
}

@inproceedings{zielinski2004paxos,
  title={Paxos at war},
  author={Zielinski, P. and Zieli{\'n}ski, P.},
  booktitle={In Proceedings of the 2001 Winter Simulation Conference},
  year={2004},
  organization={Citeseer}
}

@article{obelheiro2005analisando,
  title={Analisando a viabilidade da implementa{\c{c}}ao pr{\'a}tica de sistemas tolerantes a intrusoes},
  author={Obelheiro, R.R. and Bessani, A.N. and Lung, L.C.},
  journal={Anais do V Simp{\'o}sio Brasileiro em Seguran{\c{c}}a da Informa{\c{c}} ao e de Sistemas Computacionais-SBSeg 2005},
  year={2005}
}

@article{rodrigues2001base,
  title={BASE: Using abstraction to improve fault tolerance},
  author={Rodrigues, R. and Castro, M. and Liskov, B.},
  journal={ACM SIGOPS Operating Systems Review},
  volume={35},
  number={5},
  pages={15--28},
  year={2001},
  publisher={ACM}
}

@article{juniorsmit,
  title={SMIT: Uma Arquitetura Tolerante a Intrusoes Baseada em Virtualiza{\c{c}} ao},
  author={J{\'u}nior, V.S. and Lung, L.C. and Correia, M. and da Silva Fraga, J. and Lau, J.}
}

@inproceedings{correia2004tolerate,
  title={How to tolerate half less one Byzantine nodes in practical distributed systems},
  author={Correia, M. and Neves, N.F. and Verissimo, P.},
  booktitle={Reliable Distributed Systems, 2004. Proceedings of the 23rd IEEE International Symposium on},
  pages={174--183},
  year={2004},
  organization={IEEE}
}

@article{lamport1978time,
  title={Time, clocks, and the ordering of events in a distributed system},
  author={Lamport, L.},
  journal={Communications of the ACM},
  volume={21},
  number={7},
  pages={558--565},
  year={1978},
  publisher={ACM}
}

@book{guerraoui2006reliable,
  title={Reliable Distributed Programming},
  author={Guerraoui, R. and Rodrigues, L.},
  year={2006},
  publisher={Springer Verlag, Berlin}
}

@inproceedings{sousa2005resilient,
  title={How resilient are distributed f fault/intrusion-tolerant systems?},
  author={Sousa, P. and Neves, N.F. and Verissimo, P.},
  booktitle={Dependable Systems and Networks, 2005. DSN 2005. Proceedings. International Conference on},
  pages={98--107},
  year={2005},
  organization={IEEE}
}

@article{schneider1982synchronization,
  title={Synchronization in distributed programs},
  author={Schneider, F.B.},
  journal={ACM Transactions on Programming Languages and Systems (TOPLAS)},
  volume={4},
  number={2},
  pages={125--148},
  year={1982},
  publisher={ACM}
}

@article{reiter1995rampart,
  title={The Rampart toolkit for building high-integrity services},
  author={Reiter, M.},
  journal={Theory and Practice in Distributed Systems},
  pages={99--110},
  year={1995},
  publisher={Springer}
}

@article{correia2002design,
  title={The design of a COTS real-time distributed security kernel},
  author={Correia, M. and Verissimo, P. and Neves, N.},
  journal={Dependable Computing EDCC-4},
  pages={634--638},
  year={2002},
  publisher={Springer}
}

@inproceedings{chun2007attested,
  title={Attested append-only memory: Making adversaries stick to their word},
  author={Chun, B.G. and Maniatis, P. and Shenker, S. and Kubiatowicz, J.},
  booktitle={ACM SIGOPS Operating Systems Review},
  volume={41},
  pages={189--204},
  year={2007},
  organization={ACM}
}

@article{lamport1985synchronizing,
  title={Synchronizing clocks in the presence of faults},
  author={Lamport, L. and Melliar-Smith, P.M.},
  journal={Journal of the ACM (JACM)},
  volume={32},
  number={1},
  pages={52--78},
  year={1985},
  publisher={ACM}
}

@inproceedings{backe2012zepto,
  title={a Zepto-Second Atomic Clock for Nuclear Contact Time Measurements at Superheavy Collision Systems},
  author={Backe, H.},
  booktitle={Exploring Fundamental Issues in Nuclear Physics: Nuclear Clusters--Superheavy, Superneutronic, Superstrange, of Anti-Matter},
  volume={1},
  pages={172--181},
  year={2012}
}

@article{fischer1985impossibility,
  title={Impossibility of distributed consensus with one faulty process},
  author={Fischer, M.J. and Lynch, N.A. and Paterson, M.S.},
  journal={Journal of the ACM (JACM)},
  volume={32},
  number={2},
  pages={374--382},
  year={1985},
  publisher={ACM}
}

@article{castro1998practical,
  title={Practical Byzantine fault tolerance},
  author={Castro, M. and Liskov, B.},
  journal={Operating Systems Review},
  volume={33},
  pages={173--186},
  year={1998},
  publisher={ACM ASSOCIATION FOR COMPUTING MACHINERY}
}

@article{lamport1998part,
  title={The part-time parliament},
  author={Lamport, L.},
  journal={ACM Transactions on Computer Systems (TOCS)},
  volume={16},
  number={2},
  pages={133--169},
  year={1998},
  publisher={ACM}
}

@inproceedings{correia2010asynchronous,
  title={Asynchronous Byzantine consensus with 2f+ 1 processes},
  author={Correia, M. and Veronese, G.S. and Lung, L.C.},
  booktitle={Proceedings of the 2010 ACM Symposium on Applied Computing},
  pages={475--480},
  year={2010},
  organization={ACM}
}

@article{padala2007performance,
  title={Performance evaluation of virtualization technologies for server consolidation},
  author={Padala, P. and Zhu, X. and Wang, Z. and Singhal, S. and Shin, K.G. and others},
  journal={HP Laboratories Technical Report},
  year={2007},
  publisher={Citeseer}
}

@book{lindholm1999java,
  title={Java virtual machine specification},
  author={Lindholm, T. and Yellin, F.},
  year={1999},
  publisher={Addison-Wesley Longman Publishing Co., Inc.}
}

@inproceedings{barham2003xen,
  title={Xen and the art of virtualization},
  author={Barham, P. and Dragovic, B. and Fraser, K. and Hand, S. and Harris, T. and Ho, A. and Neugebauer, R. and Pratt, I. and Warfield, A.},
  booktitle={ACM SIGOPS Operating Systems Review},
  volume={37},
  number={5},
  pages={164--177},
  year={2003},
  organization={ACM}
}

@article{smith2005architecture,
  title={The architecture of virtual machines},
  author={Smith, J.E. and Nair, R.},
  journal={Computer},
  volume={38},
  number={5},
  pages={32--38},
  year={2005},
  publisher={IEEE}
}

@inproceedings{keahey2004sandbox,
  title={From sandbox to playground: Dynamic virtual environments in the grid},
  author={Keahey, K. and Doering, K. and Foster, I.},
  booktitle={Grid Computing, 2004. Proceedings. Fifth IEEE/ACM International Workshop on},
  pages={34--42},
  year={2004},
  organization={IEEE}
}

@inproceedings{king2003operating,
  title={Operating system support for virtual machines},
  author={King, S.T. and Dunlap, G.W. and Chen, P.M.},
  booktitle={Proceedings of the 2003 Annual USENIX Technical Conference},
  pages={71--84},
  year={2003}
}

@inproceedings{garfinkel2003virtual,
  title={A virtual machine introspection based architecture for intrusion detection},
  author={Garfinkel, T. and Rosenblum, M. and others},
  booktitle={Proc. Network and Distributed Systems Security Symposium},
  year={2003}
}

@article{rosenblum2005virtual,
  title={Virtual machine monitors: Current technology and future trends},
  author={Rosenblum, M. and Garfinkel, T.},
  journal={Computer},
  volume={38},
  number={5},
  pages={39--47},
  year={2005},
  publisher={IEEE}
}

@inproceedings{laureano2004intrusion,
  title={Intrusion detection in virtual machine environments},
  author={Laureano, M. and Maziero, C. and Jamhour, E.},
  booktitle={Euromicro Conference, 2004. Proceedings. 30th},
  pages={520--525},
  year={2004},
  organization={IEEE}
}

@article{verissimo2002timely,
  title={The timely computing base model and architecture},
  author={Ver{\'\i}ssimo, P. and Casimiro, A.},
  journal={Computers, IEEE Transactions on},
  volume={51},
  number={8},
  pages={916--930},
  year={2002},
  publisher={IEEE}
}

@article{parmelee1972virtual,
  title={Virtual storage and virtual machine concepts},
  author={Parmelee, R.P. and Peterson, T.I. and Tillman, C.C. and Hatfield, DJ},
  journal={IBM Systems Journal},
  volume={11},
  number={2},
  pages={99--130},
  year={1972},
  publisher={IBM}
}

@article{popek1974formal,
  title={Formal requirements for virtualizable third generation architectures},
  author={Popek, G.J. and Goldberg, R.P.},
  journal={Communications of the ACM},
  volume={17},
  number={7},
  pages={412--421},
  year={1974},
  publisher={ACM}
}

@article{rosenblum2004reincarnation,
  title={The reincarnation of virtual machines},
  author={Rosenblum, M.},
  journal={Queue},
  volume={2},
  number={5},
  pages={34},
  year={2004},
  publisher={ACM}
}

@article{goldberg1974survey,
  title={Survey of virtual machine research},
  author={Goldberg, R.P.},
  journal={IEEE Computer},
  volume={7},
  number={6},
  pages={34--45},
  year={1974}
}

@inproceedings{sahoo2010virtualization,
  title={Virtualization: A survey on concepts, taxonomy and associated security issues},
  author={Sahoo, J. and Mohapatra, S. and Lath, R.},
  booktitle={Computer and Network Technology (ICCNT), 2010 Second International Conference on},
  pages={222--226},
  year={2010},
  organization={IEEE}
}

@article{verissimo2006travelling,
  title={Travelling through wormholes: a new look at distributed systems models},
  author={Ver{\'\i}ssimo, P.E.},
  journal={ACM SIGACT News},
  volume={37},
  number={1},
  pages={66--81},
  year={2006},
  publisher={ACM}
}

@article{cristian1999timed,
  title={The timed asynchronous distributed system model},
  author={Cristian, F. and Fetzer, C.},
  journal={Parallel and Distributed Systems, IEEE Transactions on},
  volume={10},
  number={6},
  pages={642--657},
  year={1999},
  publisher={IEEE}
}

@inproceedings{stumm2010intrusion,
  title={Intrusion Tolerant Services Through Virtualization: a Shared Memory Approach},
  author={Stumm, V. and Lung, L.C. and Correia, M. and da Silva Fraga, J. and Lau, J.},
  booktitle={Advanced Information Networking and Applications (AINA), 2010 24th IEEE International Conference on},
  pages={768--774},
  year={2010},
  organization={IEEE}
}

@article{chandra1996unreliable,
  title={Unreliable failure detectors for reliable distributed systems},
  author={Chandra, T.D. and Toueg, S.},
  journal={Journal of the ACM (JACM)},
  volume={43},
  number={2},
  pages={225--267},
  year={1996},
  publisher={ACM}
}

@book{anderson2006automata,
  title={Automata theory with modern applications},
  author={Anderson, J.A.},
  year={2006},
  publisher={Cambridge University Press}
}

@article{schneider1990implementing,
  title={Implementing fault-tolerant services using the state machine approach: A tutorial},
  author={Schneider, F.B.},
  journal={ACM Computing Surveys (CSUR)},
  volume={22},
  number={4},
  pages={299--319},
  year={1990},
  publisher={ACM}
}

@inproceedings{garfinkel2003terra,
  title={Terra: A virtual machine-based platform for trusted computing},
  author={Garfinkel, T. and Pfaff, B. and Chow, J. and Rosenblum, M. and Boneh, D.},
  booktitle={ACM SIGOPS Operating Systems Review},
  volume={37},
  number={5},
  pages={193--206},
  year={2003},
  organization={ACM}
}

@inproceedings{chun2008diverse,
  title={Diverse replication for single-machine byzantine-fault tolerance},
  author={Chun, B.G. and Maniatis, P. and Shenker, S.},
  booktitle={USENIX Annual Technical Conference},
  pages={287--292},
  year={2008}
}

@techreport{wood2008zz,
  title={ZZ: Cheap practical BFT using virtualization},
  author={Wood, T. and Singh, R. and Venkataramani, A. and Shenoy, P.},
  year={2008},
  institution={Technical Report TR14-08, University of Massachusetts}
}

@article{castro2002practical,
  title={Practical Byzantine fault tolerance and proactive recovery},
  author={Castro, M. and Liskov, B.},
  journal={ACM Transactions on Computer Systems (TOCS)},
  volume={20},
  number={4},
  pages={398--461},
  year={2002},
  publisher={ACM}
}

@article{yin2003separating,
  title={Separating agreement from execution for byzantine fault tolerant services},
  author={Yin, J. and Martin, J.P. and Venkataramani, A. and Alvisi, L. and Dahlin, M.},
  journal={ACM SIGOPS Operating Systems Review},
  volume={37},
  number={5},
  pages={253--267},
  year={2003},
  publisher={ACM}
}

@article{aiyer2005bar,
  title={BAR fault tolerance for cooperative services},
  author={Aiyer, A.S. and Alvisi, L. and Clement, A. and Dahlin, M. and Martin, J.P. and Porth, C.},
  journal={ACM SIGOPS Operating Systems Review},
  volume={39},
  number={5},
  pages={45--58},
  year={2005}
}

@inproceedings{reiter1996omega,
  title={The ? key management service},
  author={Reiter, M.K. and Franklin, M.K. and Lacy, J.B. and Wright, R.N.},
  booktitle={Proceedings of the 3rd ACM conference on Computer and communications security},
  pages={38--47},
  year={1996},
  organization={ACM}
}

@article{kotla2008zyzzyva,
  title={Zyzzyva: speculative byzantine fault tolerance},
  author={Kotla, R. and Clement, A. and Wong, E. and Alvisi, L. and Dahlin, M.},
  journal={Communications of the ACM},
  volume={51},
  number={11},
  pages={86--95},
  year={2008},
  publisher={ACM}
}

@article{obelheiro2006practical,
  title={How practical are intrusion-tolerant distributed systems?},
  author={Obelheiro, R.R. and Bessani, A.N. and Lung, L.C. and Correia, M.},
  year={2006},
  publisher={Department of Informatics, University of Lisbon}
}

@inproceedings{garcia2011diversity,
  title={OS diversity for intrusion tolerance: Myth or reality?},
  author={Garcia, M. and Bessani, A. and Gashi, I. and Neves, N. and Obelheiro, R.},
  booktitle={Dependable Systems \& Networks (DSN), 2011 IEEE/IFIP 41st International Conference on},
  pages={383--394},
  year={2011},
  organization={IEEE}
}

@misc{jian1991art,
  title={The Art of Computer Systems Performance Analysis: techniques for experimental design, measurement, simulation, and modeling},
  author={Jian, R.},
  year={1991},
  publisher={NewYork: John}
}

@article{verissimo2003intrusion,
  title={Intrusion-tolerant architectures: Concepts and design},
  author={Ver{\'\i}ssimo, P. and Neves, N. and Correia, M.},
  journal={Architecting Dependable Systems},
  pages={3--36},
  year={2003},
  publisher={Springer}
}

@article{reiser2008fault,
  title={Fault and intrusion tolerance on the basis of virtual machines},
  author={Reiser, H.P. and Kapitza, R.},
  journal={Tagungsband des},
  volume={1},
  pages={11--12},
  year={2008}
}

@inproceedings{kapitza2012cheapbft,
  title={CheapBFT: resource-efficient byzantine fault tolerance},
  author={Kapitza, R. and Behl, J. and Cachin, C. and Distler, T. and Kuhnle, S. and Mohammadi, S.V. and Schr{\"o}der-Preikschat, W. and Stengel, K.},
  booktitle={Proceedings of the 7th ACM european conference on Computer Systems},
  pages={295--308},
  year={2012},
  organization={ACM}
}

@inproceedings{levin2009trinc,
  title={TrInc: Small trusted hardware for large distributed systems},
  author={Levin, D. and Douceur, J.R. and Lorch, J.R. and Moscibroda, T.},
  booktitle={Proceedings of the USENIX Symposium on Networked Systems Design and Implementation (NSDI)},
  year={2009}
}

@article{correia2012bft,
  title={BFT-TO: Intrusion Tolerance with Less Replicas},
  author={Correia, M. and Neves, N.F. and Verissimo, P.},
  journal={The Computer Journal},
  year={2012},
  publisher={Br Computer Soc}
}

@inproceedings{reiser2007vm,
  title={VM-FIT: supporting intrusion tolerance with virtualisation technology},
  author={Reiser, H.P. and Kapitza, R.},
  booktitle={Proceedings of the Workshop on Recent Advances on Intrusion-Tolerant Systems},
  year={2007}
}
