@manual{mica2,
 author={{Crossbow Technology Inc.}},
 title={MICA2 Datasheet}
}

@book{stroustrup:2000,
 author = {Stroustrup, Bjarne},
 title = {The  C++ Programming Language},
 year = {2000},
 edition = {3rd},
 publisher = {Addison-Wesley Longman Publishing Co., Inc.},
 address = {Boston, MA, USA},
} 

@INPROCEEDINGS{froehlich:2000,
  AUTHOR = {Ant{\^{o}}nio Augusto Fr{\"{o}}hlich and Wolfgang Schr\"{o}der-Preikschat},
  TITLE = {{Scenario Adapters: Efficiently Adapting Components}},
  BOOKTITLE = {WMSCI},
  ADDRESS = {Orlando, U.S.A.},
  MONTH = JUL,
  YEAR = 2000
}

@article{Polpeta2004,
  title={{Hardware mediators: a portability artifact for component-based systems}},
  author={Polpeta, F.V. and Fr{\"{o}}hlich, A.A.},
  journal={Lecture notes in computer science},
  year={2004},
  publisher={Springer}
}

@article{frohlich:2001,
  title={{Application-Oriented Operating Systems}},
  author={Fr{\"{o}}hlich, A.A.},
  journal={Sankt Augustin: GMD-Forschungszentrum Informationstechnik},
  year={2001},
  publisher={Citeseer}
}

@book{Czarnecki:2000,
 author = {Czarnecki, Krzysztof and Eisenecker, Ulrich W.},
 title = {Generative programming: methods, tools, and applications},
 year = {2000},
 publisher = {ACM Press/Addison-Wesley Publishing Co.},
 address = {New York, NY, USA},
} 

@techreport{Lanigan:2005,
  title={{Disseminating Code Updates in Sensor Networks: Survey of Protocols and Security Issues}},
  author={Lanigan, P.E. and Gandhi, R. and Narasimhan, P.},
  year = {2005}
}

@INPROCEEDINGS{Cha2007, 
author={Hojung Cha and Sukwon Choi and Inuk Jung and Hyoseung Kim and Hyojeong Shin and Jaehyun Yoo and Chanmin Yoon}, 
booktitle={ IPSN}, 
title={RETOS: Resilient, Expandable, and Threaded Operating System for Wireless Sensor Networks}, 
year={2007}, 
}

@inproceedings{lyraos,
 author = {Chiang, Mei-Ling and Hsu, Hsiang-Yu},
 title = {Supporting dynamic update and resource protection in an embedded operating system},
 booktitle = {SAC},
 year = {2011},
 publisher = {ACM},
 address = {New York, NY, USA},
} 

@INPROCEEDINGS{nondisruptive,
author={Wahler, M. and Richter, S. and Kumar, S. and Oriol, M.},
booktitle={ICDEW},  
title={Non-disruptive large-scale component updates for real-time controllers},
year={2011},
month={april},
}

@incollection{tinyos,
author = {Levis, P.  and Madden, S.  and Polastre, J.  and Szewczyk, R.  and Whitehouse, K.  and Woo, A.  and Gay, D.  and Hill, J.  and Welsh, M.  and Brewer, E.  and Culler, D. },
journal = {Ambient Intelligence},
title = {TinyOS: An Operating System for Sensor Networks},
publisher = {Springer Berlin Heidelberg},
year = {2005}
}

@inproceedings{infuse,
 author = {Arumugam, Mahesh (Umamaheswaran)},
 title = {Infuse: a TDMA based reprogramming service for sensor networks},
booktitle = {SenSys},
 year = {2004},
 publisher = {ACM},
 }

@inproceedings{mnp,
 author = {Kulkarni, S.S. and Limin Wang},
 title = {MNP: multihop network reprogramming service for sensor networks},
 booktitle = {SenSys},
 year = {2004},
 publisher = {ACM},
 }

@INPROCEEDINGS{Gracioli:2010, 
author={Gracioli, G. and Fr\"{o}hlich, A.A.}, 
booktitle={ICT}, 
title={ELUS: A dynamic software reconfiguration infrastructure for embedded systems}, 
year={2010}, 
month={April}, 
}

@inproceedings{deluge,
 author = {Jonathan W. Hui and David Culler},
 title = {The dynamic behavior of a data dissemination protocol for network programming at scale},
 booktitle = {SenSys},
 year = {2004},
 publisher = {ACM},
 address = {New York, NY, USA},
 }

@TECHREPORT{moap,
    author = {Thanos Stathopoulos and John Heidemann and Deborah Estrin},
    title = {A Remote Code Update Mechanism for Wireless Sensor Networks},
    MONTH = NOV,
    year = {2003}
}

@INPROCEEDINGS{contiki,
  AUTHOR = {Adam Dunkels and Björn Grönvall and Thiemo Voigt},
  TITLE = {Contiki - a Lightweight and Flexible Operating System for Tiny Networked Sensors},
  YEAR = 2004,
  MONTH = NOV,
BOOKTITLE = {EmNetS-I},
  ADDRESS = {Tampa, Florida, USA}
}

@inproceedings{sos,
 author = {Chih-Chieh Han and Ram Kumar and Roy Shea and Eddie Kohler and Mani Srivastava},
 title = {A dynamic operating system for sensor nodes},
 booktitle = {MobiSys},
 year = {2005},
 publisher = {ACM Press},
 address = {New York, NY, USA},
}
