%
%  $Description: Sample bibliography$
%
%  $Author: ienne $
%  $Date: 1995/09/15 15:19:53 $
%  $Revision: 1.3 $
%
@Misc{plasma,
  author =   {Steve Rhoads},
  title =    {{Plasma - Most MIPS I Opcodes}},
  howpublished="{http://www.opencores.org/projects.cgi/web/mips}",
  publisher =    {Open Cores},
  year =     {2008},
}

@article{wannerjcs2008,
  title={{Operating System Support for Wireless Sensor Networks}},
  author={Wanner, L.F. and Fröhlich, A.A.M.},
  journal={Journal of Computer Science},
  year={2008}
}

@article{eposwso2006,
  title={{EPOS: Um Sistema Operacional Portável para Sistemas Profundamente Embarcados}},
  author={Marcondes, H. and Junior, A.S.H. and Wanner, L.F. and Cancian, R.L. and Santos, D.M. and Fröhlich, A.A.M.},
  journal={Workshop de Sistemas Operacionais},
  year={2006}
}

@conference{bobda2005esm,
  title={{The Erlangen Slot Machine: A Highly Flexible FPGA-Based Reconfigurable Platform}},
  author={Bobda, C. and Majer, M. and Ahmadinia, A. and Haller, T. and Linarth, A. and Teich, J. and van der Veen, J.},
  booktitle={Field-Programmable Custom Computing Machines, 2005. FCCM 2005. 13th Annual IEEE Symposium on},
  pages={319--320},
  year={2005}
}

@article{steiger2004osr,
  title={{Operating Systems for Reconfigurable Embedded Platforms: Online Scheduling of Real-Time Tasks}},
  author={Steiger, C. and Walder, H. and Platzner, M.},
  journal={IEEE TRANSACTIONS ON COMPUTERS},
  pages={1393--1407},
  year={2004},
  publisher={IEEE Computer Society}
}

@article{gonzalez2007sre,
  title={{Self-Reconfigurable Embedded Systems on Low-Cost FPGAs}},
  author={Gonzalez, I. and Aguayo, E. and Lopez-Buedo, S.},
  journal={IEEE Micro},
  pages={49--57},
  year={2007},
  publisher={IEEE Computer Society}
}

@conference{ullmann2004frt,
  title={{An FPGA run-time system for dynamical on-demand reconfiguration}},
  author={Ullmann, M. and Huebner, M. and Grimm, B. and Becker, J.},
  booktitle={Parallel and Distributed Processing Symposium, 2004. Proceedings. 18th International},
  year={2004}
}

@misc{xilinxDSRG,
  title={{Xilinx Development System Reference Guide}},
  author={Xilinx},
  year={2006}
  publisher={Xilinx}
}

@Article{ex1,
   author =   "Author, Ivan Marc",
   title =   "Some Related Article {I} Wrote",
   journal =   "Some Fine Journal",
   month = "January",
   number = "7",
   year =   "1999",
   volume =   "99",
   pages =   "1-100",
}

@Book{ex2,
   author =   "Expert, Andreas Nikolaos",
   title =   "A Book He Wrote",
   publisher =   "His Publisher",
   address = "Erewhon, NC",
   year =   "1999"
}
