@InProceedings{Bergamaschi:2000,
  author = 	 {R. A. Bergamaschi et. Al.},
  title = 	 {Coral - Automating the Design of Systems-on-Chip Using Cores},
  booktitle = 	 {IEEE Custom Integrated Circuits Conference},
  OPTyear = 	 {2000},
  OPTmonth = 	 {May}
}


@InProceedings{Bergamaschi:2000a,
  author = 	 {Reinaldo A., Bergamaschi, and William R. Lee},
  title = 	 {Designing System-on-Chip Using Cores},
  booktitle = 	 {Embedded Tutorial Paper at the 37th ACM/IEEE Design Automation Conference},
  OPTyear = 	 {2000},
  OPTaddress = 	 {Los Angeles, California},
  OPTmonth = 	 {June}
}


@Manual{AMBA,
  title =        "{The de facto Standard for On-Chip Bus}",
  organization = "Advanced RISC Machines Limited",
  edition =      "Online",
  year =         2003,
  note =         "[http://www.arm.com/products/solutions/AMBAHomePage.html]"
}


@Manual{Coreconnect,
  title =        "{CoreConnect Bus Architecture}",
  organization = "IBM Microeletronics",
  edition =      "Online",
  year =         1999,
  note =         "[http://www.ibm.com/chips/products/coreconnect/]"
}


@Manual{Wishbone,
  title =        "{The WISHBONE Service Center}",
  organization = "Silicore Corporation",
  edition =      "Online",
  month =        Sept,
  year =         2003,
  note =         "[http://www.silicore.net/wishbone.htm/]"
}




