@article{Aron:2000,
  author =	 {Mohit Aron and Peter Druschel},
  title =	 {Soft timers: efficient microsecond software timer
                  support for network processing},
  journal =	 {ACM Transactions on Computer Systems},
  volume =	 {18},
  number =	 {3},
  year =	 {2000},
  issn =	 {0734-2071},
  pages =	 {197--228},
  doi =		 {http://doi.acm.org/10.1145/354871.354872},
  publisher =	 {ACM},
  address =	 {New York, NY, USA}
}

@ARTICLE{Barbalace:2008,
  author =	 {Barbalace, A. and Luchetta, A. and Manduchi, G. and
                  Moro, M. and Soppelsa, A. and Taliercio, C.},
  journal =	 {Nuclear Science, IEEE Transactions on},
  title =	 {Performance Comparison of VxWorks, Linux, RTAI, and
                  Xenomai in a Hard Real-Time Application},
  year =	 {2008},
  month =	 {Feb.},
  volume =	 {55},
  number =	 {1},
  pages =	 {435 -439},
  doi =		 {10.1109/TNS.2007.905231},
  ISSN =	 {0018-9499}
}

@inproceedings{Chandra:2006,
  author =	 {Chandra, Sathish and Regazzoni, Francesco and Lajolo,
                  Marcello},
  title =	 {Hardware/software partitioning of operating systems: a
                  behavioral synthesis approach},
  booktitle =	 {GLSVLSI '06: Proceedings of the 16th ACM Great Lakes
                  symposium on VLSI},
  year =	 {2006},
  isbn =	 {1-59593-347-6},
  pages =	 {324--329},
  location =	 {Philadelphia, PA, USA},
  doi =		 {http://doi.acm.org/10.1145/1127908.1127983},
  publisher =	 {ACM},
  address =	 {New York, NY, USA},
}

@inproceedings{Cloutier:00,
  author =	 {Pierre Cloutier and Paolo Mantegazza and Steve
                  Papacharalambous and Ian Soanes and Stuart Hughes and
                  Karim Yaghmour},
  booktitle =	 {RTSS 2000 - Real Time Operating System Workshop},
  title =	 {DIAPM-RTAI position paper},
  year =	 {2000},
  month =	 {Nov}
}

@proceedings{DBLP:conf/euc/2004,
  editor =	 {Laurence Tianruo Yang and Minyi Guo and Guang R. Gao
                  and Niraj K. Jha},
  title =	 {Embedded and Ubiquitous Computing, International
                  Conference EUC 2004, Aizu-Wakamatsu City, Japan,
                  August 25-27, 2004, Proceedings},
  booktitle =	 {EUC},
  publisher =	 {Springer},
  series =	 {Lecture Notes in Computer Science},
  volume =	 {3207},
  year =	 {2004},
  isbn =	 {3-540-22906-X},
  bibsource =	 {DBLP, http://dblp.uni-trier.de}
}

@BOOK{Froehlich:2001,
  AUTHOR =	 {Ant{\^{o}}nio Augusto Fr{\"{o}}hlich},
  TITLE =	 {Application-Oriented Operating Systems},
  PUBLISHER =	 {GMD - Forschungszentrum Informationstechnik},
  YEAR =	 2001,
  NUMBER =	 17,
  SERIES =	 {GMD Research Series},
  ADDRESS =	 {Sankt Augustin},
  MONTH =	 AUG
}

@INPROCEEDINGS{Froehlich:sci:2000,
  AUTHOR =	 {Ant{\^{o}}nio Augusto Fr{\"{o}}hlich and Wolfgang
                  Schr{\"{o}}der-Preikschat},
  TITLE =	 {{Scenario Adapters: Efficiently Adapting Components}},
  BOOKTITLE =	 {Proceedings of the 4th World Multiconference on
                  Systemics, Cybernetics and Informatics},
  PAGES =	 {},
  ADDRESS =	 {Orlando, U.S.A.},
  MONTH =	 {Jul},
  YEAR =	 {2000}
}

@inproceedings{Gleixner:2006,
  author =	 {Gleixner, Thomas and Niehaus, Douglas},
  booktitle =	 {Proceedings of the {L}inux {S}ymposium},
  pages =	 {333--346},
  title =	 {Hrtimers and {B}eyond: {T}ransforming the {L}inux
                  {T}ime {S}ubsystems},
  url =
                  {http://www.linuxsymposium.org/2006/linuxsymposium\_procv1.pdf AND https://ols2006.108.redhat.com/reprints/gleixner-reprint.pdf},
  address =	 {Ottawa, Ontario, Canada},
  volume =	 {1},
  year =	 {2006}
}

@article{Goel:2002,
  author =	 {Goel, Ashvin and Abeni, Luca and Krasic, Charles and
                  Snow, Jim and Walpole, Jonathan},
  title =	 {Supporting time-sensitive applications on a commodity
                  OS},
  journal =	 {SIGOPS Operating System Review},
  volume =	 {36},
  number =	 {SI},
  year =	 {2002},
  issn =	 {0163-5980},
  pages =	 {165--180},
  doi =		 {http://doi.acm.org/10.1145/844128.844144},
  publisher =	 {ACM},
  address =	 {New York, NY, USA},
}

@inproceedings{Gracioli2008,
  author =	 {Gracioli, Giovani and Santos, Danillo Moura and de
                  Matos, Roberto and Wanner, Lucas Francisco and
                  Fr\"{o}hlich, Ant\^{o}nio Augusto},
  title =	 {One-Shot Time Management Analysis in EPOS},
  booktitle =	 {SCCC '08: Proceedings of the 2008 International
                  Conference of the Chilean Computer Science Society},
  year =	 {2008},
  isbn =	 {978-0-7695-3403-9},
  pages =	 {92--99},
  doi =		 {http://dx.doi.org/10.1109/SCCC.2008.13},
  publisher =	 {IEEE Computer Society},
  address =	 {Washington, DC, USA},
}

@inproceedings{Kairui:2006,
  author =	 {She Kairui and Bai Shuwei and Zhou Qingguo and
                  Nicholas Mc Guire and Li Lian},
  booktitle =	 {Proceedings of Eighth Real-Time Linux Workshop},
  pages =	 {199--204},
  title =	 {Analyzing RTLinux/GPL Source Code for Education},
  address =	 {Lanzhou, China},
  year =	 {2006},
}

@misc{Karim:2001,
  title =	 {Adaptive Domain Environment for Operating Systems},
  author =	 {Karim Yaghmour},
  year =	 {2001},
  note =	 {\url{http://www.opersys.com/ftp/pub/Adeos/adeos.pdf}}
}

@inproceedings{Kohout:2003,
  author =	 {Paul Kohout and Brinda Ganesh and Bruce Jacob},
  title =	 {Hardware support for real-time operating systems},
  booktitle =	 {CODES+ISSS '03: Proceedings of the 1st IEEE/ACM/IFIP
                  international conference on Hardware/software codesign
                  and system synthesis},
  year =	 {2003},
  isbn =	 {1-58113-742-7},
  pages =	 {45--51},
  location =	 {Newport Beach, CA, USA},
  doi =		 {http://doi.acm.org/10.1145/944645.944656},
  publisher =	 {ACM},
  address =	 {New York, NY, USA}
}

@inproceedings{Marcondes:2009,
  author =	 {Marcondes, Hugo and Cancian, Rafael and Stemmer,
                  Marcelo and Frohlich, Ant\^{o}nio Augusto},
  title =	 {On the Design of Flexible Real-Time Schedulers for
                  Embedded Systems},
  booktitle =	 {CSE '09: Proceedings of the 2009 International
                  Conference on Computational Science and Engineering},
  year =	 {2009},
  isbn =	 {978-0-7695-3823-5},
  pages =	 {382--387},
  doi =		 {http://dx.doi.org/10.1109/CSE.2009.407},
  publisher =	 {IEEE Computer Society},
  address =	 {Washington, DC, USA},
}

@inproceedings{Marcondes:ETFA:2006,
  title =	 {Operating Systems Portability: 8 bits and beyond},
  author =	 {Marcondes, H. and Hoeller, A.S. and Wanner, L.F. and
                  Fr\"{o}hlich, A.A.M.},
  booktitle =	 {ETFA '06: Proceedings of the 11th IEEE Conference on
                  Emerging Technologies and Factory Automation},
  year =	 {2006},
  month =	 {Sept},
  addreess =	 {Prague, Czech Republic},
  publisher =	 {IEEE},
  pages =	 {124-130},
  keywords =	 {hardware-software codesign, object-oriented
                  programming, operating systems (computers), software
                  portabilityapplication-oriented component-based
                  operating system, embedded software, operating systems
                  portability, software-hardware interface},
  doi =		 {10.1109/ETFA.2006.355371},
  ISSN =	 {}
}

@inproceedings{Peter:2008,
  author =	 {Simon Peter and Andrew Baumann and Timothy Roscoe and
                  Paul Barham and Rebecca Isaacs},
  title =	 {30 seconds is not enough!: a study of operating system
                  timer usage},
  booktitle =	 {Eurosys '08: Proceedings of the 3rd ACM SIGOPS/EuroSys
                  European Conference on Computer Systems 2008},
  year =	 {2008},
  isbn =	 {978-1-60558-013-5},
  pages =	 {205--218},
  location =	 {Glasgow, Scotland UK},
  doi =		 {http://doi.acm.org/10.1145/1352592.1352614},
  publisher =	 {ACM},
  address =	 {New York, NY, USA},
}

@INPROCEEDINGS{Polpeta:2004,
  author =	 {Fauze Val{\'e}rio Polpeta and Ant{\^o}nio Augusto
                  Fr{\"o}hlich},
  title =	 {Hardware mediators: a portability artifact for
                  component-based systems},
  booktitle =	 {In Proceedings of the International Conference on
                  Embedded and Ubiquitous Computing},
  year =	 {2004},
  volume =	 {3207},
  pages =	 {45-53},
  publisher =	 {Springer Berlin / Heidelberg},
  series =	 {Lecture Notes in Computer Science},
  address =	 {Aizu, Japan}
}

@misc{QNX,
  title =	 "{QNX Neutrino RTOS - System Archicture}",
  author =	 {QNX},
  year =	 {2008},
  note =     {\url{http://support7.qnx.com/download/download/18813/sys_arch.pdf}},
}

@misc{RTLinuxFree,
  title =	 "{RTLinuxFree Website}",
  author =	 "{{W}ind {R}iver}",
  year =	 {2010},
  note =	 {\url{http://www.rtlinuxfree.com/}},
}

@article{Regehr:2005,
  author =	 {John Regehr and Usit Duongsaa},
  title =	 {Preventing interrupt overload},
  journal =	 {SIGPLAN Not.},
  volume =	 {40},
  number =	 {7},
  year =	 {2005},
  issn =	 {0362-1340},
  pages =	 {50--58},
  doi =		 {http://doi.acm.org/10.1145/1070891.1065918},
  publisher =	 {ACM},
  address =	 {New York, NY, USA},
}

@article{Ruocco:2008,
  author =	 {Ruocco, Sergio},
  title =	 {A real-time programmer's tour of general-purpose L4
                  microkernels},
  journal =	 {EURASIP Journal on Embedded Systems},
  volume =	 {2008},
  year =	 {2008},
  issn =	 {1687-3955},
  pages =	 {1--14},
  doi =		 {http://dx.doi.org/10.1155/2008/234710},
  publisher =	 {Hindawi Publishing Corp.},
  address =	 {New York, NY, United States},
}

@inproceedings{Siddha:2007,
  author =	 {Suresh Siddha and Venkatesh Pallipadi and Arjan van de
                  Ven},
  title =	 {Getting maximum mileage out of tickless},
  booktitle =	 {OLS '07: Proceedings of the Ottawa Linux Symposium},
  year =	 {2007},
  pages =	 {201--208},
  address =	 {Ottawa, Canada}
}

@inproceedings{Srinivasan:98,
  author =	 {Srinivasan, B. and Pather, S. and Hill, R. and Ansari,
                  F. and Niehaus, D.},
  title =	 {A Firm Real-Time System Implementation using
                  Commercial Off-the-Shelf Hardware and Free Software},
  booktitle =	 {RTAS '98: Proceedings of the Fourth IEEE Real-Time
                  Technology and Applications Symposium},
  year =	 {1998},
  isbn =	 {0-8186-8569-7},
  pages =	 {112},
  publisher =	 {IEEE Computer Society},
  address =	 {Washington, DC, USA},
}

@inproceedings{Stultz:2006,
  author =	 {Stultz, John and Aravamudan, Nishanth and Hart,
                  Darren},
  booktitle =	 {Proceedings of the {L}inux {S}ymposium, {O}ttawa,
                  {C}anada},
  pages =	 {219--232},
  title =	 {We are not getting any younger: A new approach to time
                  and timers},
  volume =	 {1},
  address =	 {Ottawa, Ontario, Canada},
  year =	 {2005}
}

@TechReport{Tsafrir:2005,
  author =	 {Dan Tsafrir and Yoav Etsion and Dror G. Feitelson},
  title =	 {General purpose timing: the failure of periodic
                  timers},
  institution =	 {School of Computer Science and Engineering, the Hebrew
                  University},
  number =	 {2005-6},
  year =	 {2005},
  month =	 {February},
  address =	 {Jerusalem, Israel}
}

@misc{VxWorks,
  title =	 "{VxWorks Home Page}",
  author =	 "{{W}ind {R}iver}",
  year =	 {2010},
  note =	 {\url{http://www.windriver.com/products/vxworks/}}
}

@misc{Xenomai,
  title =	 "{Xenomai Home Page}",
  author =    "{{X}enomai}",
  year =	 {2010},
  note =	 {\url{http://www.xenomai.org/}},
}

@misc{atmega128datasheet,
  title =	 "{ATMega128 Data Sheet}",
  author =	 {Atmel},
  year =	 {Oct. 2010},
  note =     {\url{http://www.atmel.com/dyn/resources/prod_documents/doc2467.pdf}},
}

@book{modern,
  author =	 {Andrew S. Tanenbaum},
  title =	 {Modern Operating Systems},
  year =	 {2001},
  isbn =	 {0130313580},
  publisher =	 {Prentice Hall PTR},
  address =	 {Upper Saddle River, NJ, USA}
}

